<?xml version="1.0" encoding="UTF-8"?>
<!DOCTYPE html PUBLIC "-//W3C//DTD XHTML 1.0 Transitional//EN"
    "http://www.w3.org/TR/xhtml1/DTD/xhtml1-transitional.dtd">
<html xmlns="http://www.w3.org/1999/xhtml" xml:lang="en" lang="en">
 <head>
  <title>
</title>
<meta http-equiv="Content-Type" content="text/html;charset=utf-8" />
  <meta name='ocr-system' content='tesseract 3.04.00' />
  <meta name='ocr-capabilities' content='ocr_page ocr_carea ocr_par ocr_line ocrx_word'/>
</head>
<body>
  <div class='ocr_page' id='page_1' title='image "./historiarumquaes01polyuoft_0789.png"; bbox 0 0 1676 3158; ppageno 0'>
   <div class='ocr_carea' id='block_1_1' title="bbox 12 96 1626 199">
    <p class='ocr_par' dir='ltr' id='par_1_1' title="bbox 12 96 1626 199">
     <span class='ocr_line' id='line_1_1' title="bbox 12 96 1626 199; baseline -0.028 39"><span class='ocrx_word' id='word_1_1' title='bbox 12 114 15 116; x_wconf 11' lang='lat' dir='ltr'>v</span> <span class='ocrx_word' id='word_1_2' title='bbox 95 96 103 101; x_wconf 93' lang='lat'><em>·</em></span> <span class='ocrx_word' id='word_1_3' title='bbox 316 108 733 185; x_wconf 57' lang='grc' dir='ltr'>’ἿῗῧῖἤῖἑΝΊκ</span> <span class='ocrx_word' id='word_1_4' title='bbox 771 133 848 184; x_wconf 78' lang='lat' dir='ltr'>IN</span> <span class='ocrx_word' id='word_1_5' title='bbox 883 135 1263 185; x_wconf 69' lang='lat' dir='ltr'>pommvn.</span> <span class='ocrx_word' id='word_1_6' title='bbox 1464 150 1554 199; x_wconf 70' lang='lat'>753</span> <span class='ocrx_word' id='word_1_7' title='bbox 1608 102 1626 109; x_wconf 25' lang='grc' dir='ltr'><em>Α</em></span> 
     </span>
    </p>
   </div>
   <div class='ocr_carea' id='block_1_2' title="bbox 13 255 1558 2981">
    <p class='ocr_par' dir='ltr' id='par_1_2' title="bbox 13 255 1558 2981">
     <span class='ocr_line' id='line_1_2' title="bbox 91 255 1550 318; baseline 0.003 -18"><span class='ocrx_word' id='word_1_8' title='bbox 91 255 287 305; x_wconf 56' lang='lat' dir='ltr'>desidem</span> <span class='ocrx_word' id='word_1_9' title='bbox 304 256 433 301; x_wconf 82' lang='lat' dir='ltr'>alibi:</span> <span class='ocrx_word' id='word_1_10' title='bbox 466 272 538 302; x_wconf 85' lang='lat' dir='ltr'>res</span> <span class='ocrx_word' id='word_1_11' title='bbox 557 258 749 302; x_wconf 83' lang='lat' dir='ltr'>abiretin</span> <span class='ocrx_word' id='word_1_12' title='bbox 770 257 1015 302; x_wconf 85' lang='lat' dir='ltr'>infinitum:</span> <span class='ocrx_word' id='word_1_13' title='bbox 1050 273 1137 318; x_wconf 88' lang='lat' dir='ltr'>quo</span> <span class='ocrx_word' id='word_1_14' title='bbox 1154 258 1266 302; x_wconf 88' lang='lat' dir='ltr'>nihil</span> <span class='ocrx_word' id='word_1_15' title='bbox 1285 259 1431 317; x_wconf 81' lang='lat' dir='ltr'>magis</span> <span class='ocrx_word' id='word_1_16' title='bbox 1442 273 1550 306; x_wconf 79' lang='lat' dir='ltr'>con-</span> 
     </span>
     <span class='ocr_line' id='line_1_3' title="bbox 86 320 1551 381; baseline 0.001 -13"><span class='ocrx_word' id='word_1_17' title='bbox 86 322 281 368; x_wconf 10' lang='lat' dir='ltr'>unium,</span> <span class='ocrx_word' id='word_1_18' title='bbox 296 320 446 366; x_wconf 54' lang='lat' dir='ltr'>rectae</span> <span class='ocrx_word' id='word_1_19' title='bbox 465 324 628 368; x_wconf 87' lang='lat' dir='ltr'>rationi</span> <span class='ocrx_word' id='word_1_20' title='bbox 649 324 862 381; x_wconf 91' lang='lat' dir='ltr'>docendi,</span> <span class='ocrx_word' id='word_1_21' title='bbox 884 332 960 368; x_wconf 88' lang='lat' dir='ltr'>aut</span> <span class='ocrx_word' id='word_1_22' title='bbox 983 331 1030 368; x_wconf 88' lang='lat' dir='ltr'>et</span> <span class='ocrx_word' id='word_1_23' title='bbox 1047 325 1265 369; x_wconf 87' lang='lat' dir='ltr'>narrandi.</span> <span class='ocrx_word' id='word_1_24' title='bbox 1316 322 1424 368; x_wconf 90' lang='lat' dir='ltr'>Ideo</span> <span class='ocrx_word' id='word_1_25' title='bbox 1452 326 1551 370; x_wconf 77' lang='lat' dir='ltr'>iure</span> 
     </span>
     <span class='ocr_line' id='line_1_4' title="bbox 89 386 1549 447; baseline 0.003 -16"><span class='ocrx_word' id='word_1_26' title='bbox 89 386 201 431; x_wconf 75' lang='lat' dir='ltr'>ofim</span> <span class='ocrx_word' id='word_1_27' title='bbox 218 386 510 446; x_wconf 84' lang='lat' dir='ltr'>reprehensus</span> <span class='ocrx_word' id='word_1_28' title='bbox 525 389 585 433; x_wconf 91' lang='lat' dir='ltr'>est</span> <span class='ocrx_word' id='word_1_29' title='bbox 606 388 1114 433; x_wconf 84' lang='lat' dir='ltr'>declamatorAlbutius:</span> <span class='ocrx_word' id='word_1_30' title='bbox 1150 389 1246 447; x_wconf 88' lang='lat' dir='ltr'>qui,</span> <span class='ocrx_word' id='word_1_31' title='bbox 1262 396 1311 433; x_wconf 82' lang='lat' dir='ltr'>vt</span> <span class='ocrx_word' id='word_1_32' title='bbox 1331 390 1394 434; x_wconf 82' lang='lat' dir='ltr'>ait</span> <span class='ocrx_word' id='word_1_33' title='bbox 1411 390 1549 435; x_wconf 87' lang='lat' dir='ltr'>Sene-</span> 
     </span>
     <span class='ocr_line' id='line_1_5' title="bbox 80 453 1550 516; baseline 0.002 -21"><span class='ocrx_word' id='word_1_34' title='bbox 80 465 142 496; x_wconf 70' lang='lat' dir='ltr'>ca</span> <span class='ocrx_word' id='word_1_35' title='bbox 159 459 310 510; x_wconf 70' lang='lat' dir='ltr'>puter,</span> <span class='ocrx_word' id='word_1_36' title='bbox 327 459 581 510; x_wconf 82' lang='lat' dir='ltr'>argumenta</span> <span class='ocrx_word' id='word_1_37' title='bbox 603 455 872 511; x_wconf 83' lang='lat' dir='ltr'><em>argumentis</em></span> <span class='ocrx_word' id='word_1_38' title='bbox 891 453 1140 510; x_wconf 82' lang='lat' dir='ltr'>colligebat.-</span> <span class='ocrx_word' id='word_1_39' title='bbox 1172 461 1212 497; x_wconf 82' lang='lat' dir='ltr'>et</span> <span class='ocrx_word' id='word_1_40' title='bbox 1231 455 1348 513; x_wconf 80' lang='lat' dir='ltr'>quast</span> <span class='ocrx_word' id='word_1_41' title='bbox 1364 454 1469 499; x_wconf 73' lang='lat' dir='ltr'>nihil</span> <span class='ocrx_word' id='word_1_42' title='bbox 1488 455 1550 516; x_wconf 80' lang='lat' dir='ltr'>es-</span> 
     </span>
     <span class='ocr_line' id='line_1_6' title="bbox 75 513 1548 577; baseline 0.003 -17"><span class='ocrx_word' id='word_1_43' title='bbox 75 513 483 576; x_wconf 70' lang='lat' dir='ltr'>sstsatisfirmum‚</span> <span class='ocrx_word' id='word_1_44' title='bbox 505 533 647 563; x_wconf 75' lang='lat' dir='ltr'>omnes</span> <span class='ocrx_word' id='word_1_45' title='bbox 669 519 959 577; x_wconf 71' lang='lat' dir='ltr'>probationes,</span> <span class='ocrx_word' id='word_1_46' title='bbox 971 518 1293 576; x_wconf 80' lang='lat' dir='ltr'><em>probationibus</em></span> <span class='ocrx_word' id='word_1_47' title='bbox 1314 522 1416 564; x_wconf 85' lang='lat' dir='ltr'>aliis</span> <span class='ocrx_word' id='word_1_48' title='bbox 1448 535 1548 565; x_wconf 86' lang='lat' dir='ltr'>con-</span> 
     </span>
     <span class='ocr_line' id='line_1_7' title="bbox 75 577 1546 642; baseline 0.003 -16"><span class='ocrx_word' id='word_1_49' title='bbox 75 579 302 641; x_wconf 74' lang='lat' dir='ltr'>firmabat.</span> <span class='ocrx_word' id='word_1_50' title='bbox 335 577 476 628; x_wconf 88' lang='lat' dir='ltr'>Vides</span> <span class='ocrx_word' id='word_1_51' title='bbox 504 598 633 642; x_wconf 89' lang='lat' dir='ltr'>quarn</span> <span class='ocrx_word' id='word_1_52' title='bbox 656 585 827 628; x_wconf 88' lang='lat' dir='ltr'>erudite</span> <span class='ocrx_word' id='word_1_53' title='bbox 848 583 1065 641; x_wconf 88' lang='lat' dir='ltr'>Polybius</span> <span class='ocrx_word' id='word_1_54' title='bbox 1086 584 1313 641; x_wconf 83' lang='lat' dir='ltr'>scriptioni</span> <span class='ocrx_word' id='word_1_55' title='bbox 1339 586 1546 630; x_wconf 86' lang='lat' dir='ltr'>historiae</span> 
     </span>
     <span class='ocr_line' id='line_1_8' title="bbox 84 648 1542 707; baseline 0.003 -16"><span class='ocrx_word' id='word_1_56' title='bbox 84 648 395 706; x_wconf 66' lang='lat' dir='ltr'>accommodet</span> <span class='ocrx_word' id='word_1_57' title='bbox 408 683 421 704; x_wconf 92' lang='lat'>,</span> <span class='ocrx_word' id='word_1_58' title='bbox 441 663 551 707; x_wconf 82' lang='lat' dir='ltr'>quae</span> <span class='ocrx_word' id='word_1_59' title='bbox 573 650 627 693; x_wconf 89' lang='lat' dir='ltr'>de</span> <span class='ocrx_word' id='word_1_60' title='bbox 649 658 741 694; x_wconf 85' lang='lat' dir='ltr'>arte</span> <span class='ocrx_word' id='word_1_61' title='bbox 759 649 1083 694; x_wconf 86' lang='lat' dir='ltr'>demonstrandi</span> <span class='ocrx_word' id='word_1_62' title='bbox 1103 649 1238 694; x_wconf 85' lang='lat' dir='ltr'>docet</span> <span class='ocrx_word' id='word_1_63' title='bbox 1265 649 1542 696; x_wconf 85' lang='lat' dir='ltr'>Aristoteles.</span> 
     </span>
     <span class='ocr_line' id='line_1_9' title="bbox 70 706 1544 774; baseline 0.002 -19"><span class='ocrx_word' id='word_1_64' title='bbox 70 706 214 757; x_wconf 75' lang='lat' dir='ltr'>‘Facit</span> <span class='ocrx_word' id='word_1_65' title='bbox 232 712 320 758; x_wconf 88' lang='lat' dir='ltr'>hoc</span> <span class='ocrx_word' id='word_1_66' title='bbox 333 714 467 756; x_wconf 83' lang='lat' dir='ltr'>etiam</span> <span class='ocrx_word' id='word_1_67' title='bbox 485 715 605 771; x_wconf 80' lang='lat' dir='ltr'>alibi,</span> <span class='ocrx_word' id='word_1_68' title='bbox 628 724 677 759; x_wconf 91' lang='lat' dir='ltr'>vt</span> <span class='ocrx_word' id='word_1_69' title='bbox 694 715 826 758; x_wconf 86' lang='lat' dir='ltr'>initio</span> <span class='ocrx_word' id='word_1_70' title='bbox 844 713 943 757; x_wconf 86' lang='lat' dir='ltr'>libri</span> <span class='ocrx_word' id='word_1_71' title='bbox 956 729 1034 758; x_wconf 84' lang='lat'>111.</span> <span class='ocrx_word' id='word_1_72' title='bbox 1096 715 1228 767; x_wconf 88' lang='lat' dir='ltr'>Quod</span> <span class='ocrx_word' id='word_1_73' title='bbox 1245 724 1392 758; x_wconf 83' lang='lat' dir='ltr'>autem</span> <span class='ocrx_word' id='word_1_74' title='bbox 1404 716 1544 774; x_wconf 83' lang='lat' dir='ltr'>Poly-</span> 
     </span>
     <span class='ocr_line' id='line_1_10' title="bbox 81 775 1542 839; baseline 0.003 -19"><span class='ocrx_word' id='word_1_75' title='bbox 81 775 183 822; x_wconf 80' lang='lat' dir='ltr'>bins</span> <span class='ocrx_word' id='word_1_76' title='bbox 199 785 374 822; x_wconf 77' lang='lat' dir='ltr'>tantum</span> <span class='ocrx_word' id='word_1_77' title='bbox 396 779 562 824; x_wconf 87' lang='lat' dir='ltr'>aestuat</span> <span class='ocrx_word' id='word_1_78' title='bbox 579 780 627 823; x_wconf 90' lang='lat' dir='ltr'>in</span> <span class='ocrx_word' id='word_1_79' title='bbox 647 780 866 838; x_wconf 84' lang='lat' dir='ltr'>ponendis</span> <span class='ocrx_word' id='word_1_80' title='bbox 885 779 986 824; x_wconf 82' lang='lat' dir='ltr'>iusti</span> <span class='ocrx_word' id='word_1_81' title='bbox 1018 781 1162 837; x_wconf 84' lang='lat' dir='ltr'>operis</span> <span class='ocrx_word' id='word_1_82' title='bbox 1198 780 1262 825; x_wconf 89' lang='lat' dir='ltr'>sui</span> <span class='ocrx_word' id='word_1_83' title='bbox 1294 780 1542 839; x_wconf 85' lang='lat' dir='ltr'>principiis,</span> 
     </span>
     <span class='ocr_line' id='line_1_11' title="bbox 80 842 1541 902; baseline 0.003 -16"><span class='ocrx_word' id='word_1_84' title='bbox 80 843 199 886; x_wconf 75' lang='lat' dir='ltr'>ratio</span> <span class='ocrx_word' id='word_1_85' title='bbox 219 842 327 887; x_wconf 85' lang='lat' dir='ltr'>haec</span> <span class='ocrx_word' id='word_1_86' title='bbox 348 844 436 896; x_wconf 80' lang='lat' dir='ltr'>est3</span> <span class='ocrx_word' id='word_1_87' title='bbox 478 846 580 902; x_wconf 86' lang='lat' dir='ltr'>quia</span> <span class='ocrx_word' id='word_1_88' title='bbox 608 844 782 888; x_wconf 85' lang='lat' dir='ltr'>facilius</span> <span class='ocrx_word' id='word_1_89' title='bbox 811 844 1197 888; x_wconf 84' lang='lat' dir='ltr'>demonstrationis</span> <span class='ocrx_word' id='word_1_90' title='bbox 1226 844 1446 902; x_wconf 86' lang='lat' dir='ltr'>principia</span> <span class='ocrx_word' id='word_1_91' title='bbox 1471 847 1541 890; x_wconf 85' lang='lat' dir='ltr'>in-</span> 
     </span>
     <span class='ocr_line' id='line_1_12' title="bbox 80 905 1540 969; baseline 0.003 -19"><span class='ocrx_word' id='word_1_92' title='bbox 80 909 346 964; x_wconf 79' lang='lat' dir='ltr'>veniuntur,</span> <span class='ocrx_word' id='word_1_93' title='bbox 368 922 497 966; x_wconf 87' lang='lat' dir='ltr'>quam</span> <span class='ocrx_word' id='word_1_94' title='bbox 515 909 733 954; x_wconf 84' lang='lat' dir='ltr'>historiae.</span> <span class='ocrx_word' id='word_1_95' title='bbox 776 923 878 953; x_wconf 88' lang='lat' dir='ltr'>nam</span> <span class='ocrx_word' id='word_1_96' title='bbox 904 908 985 952; x_wconf 78' lang='lat' dir='ltr'>illa</span> <span class='ocrx_word' id='word_1_97' title='bbox 1016 905 1152 963; x_wconf 69' lang='grc' dir='ltr'>ἔμειτα</span> <span class='ocrx_word' id='word_1_98' title='bbox 1173 913 1247 969; x_wconf 59' lang='grc'>,(9)</span> <span class='ocrx_word' id='word_1_99' title='bbox 1266 907 1540 957; x_wconf 73' lang='grc' dir='ltr'>αἰναπόδεικτα</span> 
     </span>
     <span class='ocr_line' id='line_1_13' title="bbox 82 973 1539 1031; baseline 0.002 -15"><span class='ocrx_word' id='word_1_100' title='bbox 82 973 328 1030; x_wconf 64' lang='lat' dir='ltr'>axiomata,</span> <span class='ocrx_word' id='word_1_101' title='bbox 349 987 460 1031; x_wconf 88' lang='lat' dir='ltr'>quae</span> <span class='ocrx_word' id='word_1_102' title='bbox 482 973 750 1019; x_wconf 85' lang='lat' dir='ltr'>affumuntur</span> <span class='ocrx_word' id='word_1_103' title='bbox 773 976 827 1017; x_wconf 87' lang='lat' dir='ltr'>ad</span> <span class='ocrx_word' id='word_1_104' title='bbox 852 975 1261 1031; x_wconf 84' lang='lat' dir='ltr'>demonstrandum,</span> <span class='ocrx_word' id='word_1_105' title='bbox 1284 983 1442 1018; x_wconf 89' lang='lat' dir='ltr'>natura</span> <span class='ocrx_word' id='word_1_106' title='bbox 1465 977 1539 1019; x_wconf 80' lang='lat' dir='ltr'>sua</span> 
     </span>
     <span class='ocr_line' id='line_1_14' title="bbox 78 1031 1536 1098; baseline 0.001 -16"><span class='ocrx_word' id='word_1_107' title='bbox 78 1031 199 1095; x_wconf 74' lang='lat' dir='ltr'>fere,</span> <span class='ocrx_word' id='word_1_108' title='bbox 222 1047 297 1083; x_wconf 80' lang='lat' dir='ltr'>aut</span> <span class='ocrx_word' id='word_1_109' title='bbox 317 1038 466 1083; x_wconf 72' lang='lat' dir='ltr'>senssls</span> <span class='ocrx_word' id='word_1_110' title='bbox 488 1040 763 1098; x_wconf 82' lang='lat' dir='ltr'>experientia</span> <span class='ocrx_word' id='word_1_111' title='bbox 782 1040 911 1082; x_wconf 85' lang='lat' dir='ltr'>nobis</span> <span class='ocrx_word' id='word_1_112' title='bbox 932 1038 1030 1082; x_wconf 89' lang='lat' dir='ltr'>sunt</span> <span class='ocrx_word' id='word_1_113' title='bbox 1058 1048 1189 1083; x_wconf 84' lang='lat' dir='ltr'>nota:</span> <span class='ocrx_word' id='word_1_114' title='bbox 1222 1041 1270 1083; x_wconf 91' lang='lat' dir='ltr'>in</span> <span class='ocrx_word' id='word_1_115' title='bbox 1299 1041 1536 1098; x_wconf 71' lang='lat' dir='ltr'>principiis</span> 
     </span>
     <span class='ocr_line' id='line_1_15' title="bbox 77 1101 1538 1163; baseline 0 -15"><span class='ocrx_word' id='word_1_116' title='bbox 77 1101 288 1148; x_wconf 77' lang='lat' dir='ltr'>historiae</span> <span class='ocrx_word' id='word_1_117' title='bbox 306 1104 437 1148; x_wconf 83' lang='lat' dir='ltr'>aliter</span> <span class='ocrx_word' id='word_1_118' title='bbox 459 1119 530 1149; x_wconf 77' lang='lat' dir='ltr'>res</span> <span class='ocrx_word' id='word_1_119' title='bbox 549 1105 704 1150; x_wconf 86' lang='lat' dir='ltr'>habet:</span> <span class='ocrx_word' id='word_1_120' title='bbox 738 1115 881 1162; x_wconf 84' lang='lat' dir='ltr'>neque</span> <span class='ocrx_word' id='word_1_121' title='bbox 901 1104 1018 1147; x_wconf 87' lang='lat' dir='ltr'>enim</span> <span class='ocrx_word' id='word_1_122' title='bbox 1040 1106 1193 1148; x_wconf 79' lang='lat' dir='ltr'>eadem</span> <span class='ocrx_word' id='word_1_123' title='bbox 1211 1113 1401 1148; x_wconf 83' lang='lat' dir='ltr'>anatura</span> <span class='ocrx_word' id='word_1_124' title='bbox 1411 1120 1538 1163; x_wconf 77' lang='lat' dir='ltr'>prae-</span> 
     </span>
     <span class='ocr_line' id='line_1_16' title="bbox 78 1169 1538 1228; baseline 0.001 -14"><span class='ocrx_word' id='word_1_125' title='bbox 78 1169 188 1215; x_wconf 80' lang='lat' dir='ltr'>fidia</span> <span class='ocrx_word' id='word_1_126' title='bbox 204 1170 260 1212; x_wconf 85' lang='lat' dir='ltr'>ad</span> <span class='ocrx_word' id='word_1_127' title='bbox 275 1169 389 1213; x_wconf 83' lang='lat' dir='ltr'>hanc</span> <span class='ocrx_word' id='word_1_128' title='bbox 410 1179 506 1213; x_wconf 85' lang='lat' dir='ltr'>rem</span> <span class='ocrx_word' id='word_1_129' title='bbox 538 1178 791 1228; x_wconf 86' lang='lat' dir='ltr'>comparata</span> <span class='ocrx_word' id='word_1_130' title='bbox 820 1169 1072 1228; x_wconf 88' lang='lat' dir='ltr'>suppetunt.</span> <span class='ocrx_word' id='word_1_131' title='bbox 1142 1169 1300 1227; x_wconf 87' lang='lat' dir='ltr'>Itaque</span> <span class='ocrx_word' id='word_1_132' title='bbox 1330 1171 1538 1227; x_wconf 79' lang='lat' dir='ltr'>cogimur</span> 
     </span>
     <span class='ocr_line' id='line_1_17' title="bbox 79 1231 1537 1294; baseline 0.001 -15"><span class='ocrx_word' id='word_1_133' title='bbox 79 1233 343 1292; x_wconf 83' lang='lat' dir='ltr'>necefl&#39;ario‚</span> <span class='ocrx_word' id='word_1_134' title='bbox 374 1243 451 1278; x_wconf 85' lang='lat' dir='ltr'>aut</span> <span class='ocrx_word' id='word_1_135' title='bbox 468 1234 561 1280; x_wconf 72' lang='grc' dir='ltr'>λίαν</span> <span class='ocrx_word' id='word_1_136' title='bbox 579 1231 796 1294; x_wconf 68' lang='grc' dir='ltr'>πὸῤῥωθεν</span> <span class='ocrx_word' id='word_1_137' title='bbox 816 1231 1008 1292; x_wconf 61' lang='grc' dir='ltr'>ἄνηθα]</span> <span class='ocrx_word' id='word_1_138' title='bbox 1032 1231 1104 1292; x_wconf 71' lang='grc' dir='ltr'>τῆς</span> <span class='ocrx_word' id='word_1_139' title='bbox 1137 1233 1289 1291; x_wconf 73' lang='grc' dir='ltr'>αἰτίας,</span> <span class='ocrx_word' id='word_1_140' title='bbox 1322 1243 1368 1278; x_wconf 87' lang='lat' dir='ltr'>et</span> <span class='ocrx_word' id='word_1_141' title='bbox 1397 1235 1537 1292; x_wconf 85' lang='lat' dir='ltr'>longe</span> 
     </span>
     <span class='ocr_line' id='line_1_18' title="bbox 80 1300 1535 1358; baseline 0.001 -14"><span class='ocrx_word' id='word_1_142' title='bbox 80 1300 319 1344; x_wconf 67' lang='lat' dir='ltr'>admodum</span> <span class='ocrx_word' id='word_1_143' title='bbox 345 1309 500 1357; x_wconf 88' lang='lat' dir='ltr'>petere</span> <span class='ocrx_word' id='word_1_144' title='bbox 528 1301 824 1358; x_wconf 82' lang='lat' dir='ltr'>principium,</span> <span class='ocrx_word' id='word_1_145' title='bbox 859 1308 933 1343; x_wconf 87' lang='lat' dir='ltr'>aut</span> <span class='ocrx_word' id='word_1_146' title='bbox 956 1311 1008 1342; x_wconf 86' lang='lat' dir='ltr'>ea</span> <span class='ocrx_word' id='word_1_147' title='bbox 1030 1300 1203 1355; x_wconf 78' lang='lat' dir='ltr'>dicere,</span> <span class='ocrx_word' id='word_1_148' title='bbox 1240 1314 1350 1357; x_wconf 86' lang='lat' dir='ltr'>quae</span> <span class='ocrx_word' id='word_1_149' title='bbox 1379 1313 1535 1357; x_wconf 86' lang='lat' dir='ltr'>parum</span> 
     </span>
     <span class='ocr_line' id='line_1_19' title="bbox 78 1358 1558 1422; baseline 0.001 -14"><span class='ocrx_word' id='word_1_150' title='bbox 78 1364 199 1408; x_wconf 85' lang='lat' dir='ltr'>clara</span> <span class='ocrx_word' id='word_1_151' title='bbox 216 1363 458 1408; x_wconf 73' lang='lat' dir='ltr'>lestoribus</span> <span class='ocrx_word' id='word_1_152' title='bbox 481 1364 564 1408; x_wconf 87' lang='lat' dir='ltr'>fint</span> <span class='ocrx_word' id='word_1_153' title='bbox 582 1365 744 1410; x_wconf 85' lang='lat' dir='ltr'>futura.</span> <span class='ocrx_word' id='word_1_154' title='bbox 807 1358 921 1407; x_wconf 85' lang='lat' dir='ltr'>Nam</span> <span class='ocrx_word' id='word_1_155' title='bbox 949 1365 1084 1407; x_wconf 86' lang='lat' dir='ltr'>etiam</span> <span class='ocrx_word' id='word_1_156' title='bbox 1102 1364 1149 1407; x_wconf 92' lang='lat' dir='ltr'>in</span> <span class='ocrx_word' id='word_1_157' title='bbox 1179 1365 1261 1408; x_wconf 88' lang='lat' dir='ltr'>hac</span> <span class='ocrx_word' id='word_1_158' title='bbox 1297 1363 1558 1422; x_wconf 67' lang='lat' dir='ltr'>scriptione</span> 
     </span>
     <span class='ocr_line' id='line_1_20' title="bbox 77 1430 1535 1488; baseline 0 -14"><span class='ocrx_word' id='word_1_159' title='bbox 77 1431 152 1474; x_wconf 70' lang='lat' dir='ltr'>vel</span> <span class='ocrx_word' id='word_1_160' title='bbox 169 1431 360 1473; x_wconf 81' lang='lat' dir='ltr'>maxime</span> <span class='ocrx_word' id='word_1_161' title='bbox 380 1430 528 1473; x_wconf 86' lang='lat' dir='ltr'>locum</span> <span class='ocrx_word' id='word_1_162' title='bbox 549 1430 702 1486; x_wconf 80' lang='lat' dir='ltr'>habet,</span> <span class='ocrx_word' id='word_1_163' title='bbox 718 1431 836 1488; x_wconf 89' lang='lat' dir='ltr'>quod</span> <span class='ocrx_word' id='word_1_164' title='bbox 859 1431 993 1473; x_wconf 86' lang='lat' dir='ltr'>docet</span> <span class='ocrx_word' id='word_1_165' title='bbox 1012 1430 1303 1487; x_wconf 85' lang='lat' dir='ltr'>philosophus</span> <span class='ocrx_word' id='word_1_166' title='bbox 1319 1465 1331 1486; x_wconf 93' lang='lat'>,</span> <span class='ocrx_word' id='word_1_167' title='bbox 1356 1445 1535 1474; x_wconf 83' lang='lat' dir='ltr'>omnem</span> 
     </span>
     <span class='ocr_line' id='line_1_21' title="bbox 56 1490 1538 1555; baseline 0 -16"><span class='ocrx_word' id='word_1_168' title='bbox 56 1496 384 1553; x_wconf 61' lang='lat' dir='ltr'>cognitionem</span> <span class='ocrx_word' id='word_1_169' title='bbox 396 1500 443 1540; x_wconf 81' lang='grc' dir='ltr'>ἐκ</span> <span class='ocrx_word' id='word_1_170' title='bbox 461 1492 760 1555; x_wconf 68' lang='grc' dir='ltr'>πρεταρχέσης</span> <span class='ocrx_word' id='word_1_171' title='bbox 780 1495 946 1554; x_wconf 64' lang='grc' dir='ltr'>γίνεθα]</span> <span class='ocrx_word' id='word_1_172' title='bbox 968 1490 1161 1549; x_wconf 76' lang='grc' dir='ltr'>γνώσεως.</span> <span class='ocrx_word' id='word_1_173' title='bbox 1198 1509 1329 1551; x_wconf 86' lang='lat' dir='ltr'>quam</span> <span class='ocrx_word' id='word_1_174' title='bbox 1343 1496 1399 1539; x_wconf 92' lang='lat' dir='ltr'>ob</span> <span class='ocrx_word' id='word_1_175' title='bbox 1412 1495 1538 1539; x_wconf 78' lang='lat' dir='ltr'>caus-</span> 
     </span>
     <span class='ocr_line' id='line_1_22' title="bbox 74 1559 1534 1618; baseline 0.001 -15"><span class='ocrx_word' id='word_1_176' title='bbox 74 1560 163 1603; x_wconf 85' lang='lat' dir='ltr'>sam</span> <span class='ocrx_word' id='word_1_177' title='bbox 181 1559 400 1604; x_wconf 86' lang='lat' dir='ltr'>veriffime</span> <span class='ocrx_word' id='word_1_178' title='bbox 419 1568 465 1604; x_wconf 87' lang='lat' dir='ltr'>et</span> <span class='ocrx_word' id='word_1_179' title='bbox 485 1559 805 1617; x_wconf 82' lang='lat' dir='ltr'>elegantiffime</span> <span class='ocrx_word' id='word_1_180' title='bbox 823 1561 1037 1618; x_wconf 84' lang='lat' dir='ltr'>Polybius</span> <span class='ocrx_word' id='word_1_181' title='bbox 1066 1560 1179 1602; x_wconf 86' lang='lat' dir='ltr'>libro</span> <span class='ocrx_word' id='word_1_182' title='bbox 1198 1561 1333 1603; x_wconf 84' lang='lat' dir='ltr'>tertio</span> <span class='ocrx_word' id='word_1_183' title='bbox 1352 1567 1398 1603; x_wconf 89' lang='lat' dir='ltr'>et</span> <span class='ocrx_word' id='word_1_184' title='bbox 1419 1560 1534 1604; x_wconf 89' lang='lat' dir='ltr'>libro</span> 
     </span>
     <span class='ocr_line' id='line_1_23' title="bbox 75 1622 1534 1685; baseline 0 -17"><span class='ocrx_word' id='word_1_185' title='bbox 75 1626 233 1684; x_wconf 84' lang='lat' dir='ltr'>quinto</span> <span class='ocrx_word' id='word_1_186' title='bbox 254 1622 535 1672; x_wconf 72' lang='grc' dir='ltr'>αἴνυτὸτακτον</span> <span class='ocrx_word' id='word_1_187' title='bbox 555 1635 602 1671; x_wconf 88' lang='lat' dir='ltr'>et</span> <span class='ocrx_word' id='word_1_188' title='bbox 621 1622 764 1685; x_wconf 72' lang='grc' dir='ltr'>κωφῆν</span> <span class='ocrx_word' id='word_1_189' title='bbox 786 1627 1082 1668; x_wconf 80' lang='lat' dir='ltr'>narrationem</span> <span class='ocrx_word' id='word_1_190' title='bbox 1100 1625 1220 1667; x_wconf 83' lang='lat' dir='ltr'>illam</span> <span class='ocrx_word' id='word_1_191' title='bbox 1241 1633 1395 1678; x_wconf 83' lang='lat' dir='ltr'>vocat,</span> <span class='ocrx_word' id='word_1_192' title='bbox 1419 1639 1534 1682; x_wconf 83' lang='lat' dir='ltr'>quae</span> 
     </span>
     <span class='ocr_line' id='line_1_24' title="bbox 73 1690 1532 1745; baseline -0.001 -10"><span class='ocrx_word' id='word_1_193' title='bbox 73 1705 169 1735; x_wconf 88' lang='lat' dir='ltr'>non</span> <span class='ocrx_word' id='word_1_194' title='bbox 189 1691 319 1734; x_wconf 89' lang='lat' dir='ltr'>habet</span> <span class='ocrx_word' id='word_1_195' title='bbox 342 1691 548 1734; x_wconf 85' lang='lat' dir='ltr'>notitiam</span> <span class='ocrx_word' id='word_1_196' title='bbox 567 1692 904 1737; x_wconf 85' lang='lat' dir='ltr'>antecedentem</span> <span class='ocrx_word' id='word_1_197' title='bbox 931 1692 979 1734; x_wconf 91' lang='lat' dir='ltr'>in</span> <span class='ocrx_word' id='word_1_198' title='bbox 1011 1691 1157 1733; x_wconf 86' lang='lat' dir='ltr'>animo</span> <span class='ocrx_word' id='word_1_199' title='bbox 1190 1690 1396 1734; x_wconf 82' lang='lat' dir='ltr'>discentis</span> <span class='ocrx_word' id='word_1_200' title='bbox 1413 1725 1424 1745; x_wconf 93' lang='lat'>,</span> <span class='ocrx_word' id='word_1_201' title='bbox 1456 1691 1532 1734; x_wconf 84' lang='lat' dir='ltr'>cui</span> 
     </span>
     <span class='ocr_line' id='line_1_25' title="bbox 76 1753 1532 1812; baseline 0.001 -14"><span class='ocrx_word' id='word_1_202' title='bbox 76 1770 162 1800; x_wconf 82' lang='lat' dir='ltr'>ceu</span> <span class='ocrx_word' id='word_1_203' title='bbox 183 1755 474 1800; x_wconf 85' lang='lat' dir='ltr'>fundamento</span> <span class='ocrx_word' id='word_1_204' title='bbox 500 1766 547 1800; x_wconf 89' lang='lat' dir='ltr'>et</span> <span class='ocrx_word' id='word_1_205' title='bbox 566 1757 653 1800; x_wconf 74' lang='lat' dir='ltr'>basi</span> <span class='ocrx_word' id='word_1_206' title='bbox 683 1753 923 1812; x_wconf 80' lang='lat' dir='ltr'>innitatur,</span> <span class='ocrx_word' id='word_1_207' title='bbox 957 1765 1006 1799; x_wconf 79' lang='lat' dir='ltr'>vt</span> <span class='ocrx_word' id='word_1_208' title='bbox 1027 1757 1087 1799; x_wconf 89' lang='lat' dir='ltr'>ibi</span> <span class='ocrx_word' id='word_1_209' title='bbox 1110 1755 1347 1811; x_wconf 70' lang='lat' dir='ltr'>exposituri</span> <span class='ocrx_word' id='word_1_210' title='bbox 1369 1756 1532 1801; x_wconf 65' lang='lat' dir='ltr'>samue.</span> 
     </span>
     <span class='ocr_line' id='line_1_26' title="bbox 73 1819 1532 1877; baseline 0 -13"><span class='ocrx_word' id='word_1_211' title='bbox 73 1821 207 1874; x_wconf 90' lang='lat' dir='ltr'>Quod</span> <span class='ocrx_word' id='word_1_212' title='bbox 227 1830 375 1864; x_wconf 82' lang='lat' dir='ltr'>autem</span> <span class='ocrx_word' id='word_1_213' title='bbox 395 1821 586 1865; x_wconf 76' lang='lat' dir='ltr'>diximus</span> <span class='ocrx_word' id='word_1_214' title='bbox 610 1823 664 1864; x_wconf 90' lang='lat' dir='ltr'>de</span> <span class='ocrx_word' id='word_1_215' title='bbox 691 1820 952 1864; x_wconf 84' lang='lat' dir='ltr'>difficultate</span> <span class='ocrx_word' id='word_1_216' title='bbox 978 1829 1025 1864; x_wconf 87' lang='lat' dir='ltr'>et</span> <span class='ocrx_word' id='word_1_217' title='bbox 1056 1819 1306 1864; x_wconf 69' lang='lat' dir='ltr'>necestitate</span> <span class='ocrx_word' id='word_1_218' title='bbox 1335 1821 1532 1877; x_wconf 82' lang='lat' dir='ltr'>ponendi</span> 
     </span>
     <span class='ocr_line' id='line_1_27' title="bbox 71 1884 1532 1944; baseline 0.001 -16"><span class='ocrx_word' id='word_1_219' title='bbox 71 1887 293 1944; x_wconf 84' lang='lat' dir='ltr'>principia</span> <span class='ocrx_word' id='word_1_220' title='bbox 311 1887 544 1931; x_wconf 88' lang='lat' dir='ltr'>historicae</span> <span class='ocrx_word' id='word_1_221' title='bbox 564 1884 829 1930; x_wconf 81' lang='lat' dir='ltr'>narrationi:</span> <span class='ocrx_word' id='word_1_222' title='bbox 879 1886 925 1927; x_wconf 89' lang='lat' dir='ltr'>id</span> <span class='ocrx_word' id='word_1_223' title='bbox 944 1900 1050 1929; x_wconf 89' lang='lat' dir='ltr'>vero</span> <span class='ocrx_word' id='word_1_224' title='bbox 1076 1899 1167 1929; x_wconf 90' lang='lat' dir='ltr'>non</span> <span class='ocrx_word' id='word_1_225' title='bbox 1196 1885 1369 1942; x_wconf 87' lang='lat' dir='ltr'>semper</span> <span class='ocrx_word' id='word_1_226' title='bbox 1396 1885 1532 1930; x_wconf 85' lang='lat' dir='ltr'>habet</span> 
     </span>
     <span class='ocr_line' id='line_1_28' title="bbox 73 1950 1532 2010; baseline -0.001 -16"><span class='ocrx_word' id='word_1_227' title='bbox 73 1951 249 1995; x_wconf 88' lang='lat' dir='ltr'>locum:</span> <span class='ocrx_word' id='word_1_228' title='bbox 280 1951 355 1994; x_wconf 89' lang='lat' dir='ltr'>sed</span> <span class='ocrx_word' id='word_1_229' title='bbox 374 1961 470 1996; x_wconf 83' lang='lat' dir='ltr'>tum</span> <span class='ocrx_word' id='word_1_230' title='bbox 489 1953 690 2008; x_wconf 89' lang='lat' dir='ltr'>demum,</span> <span class='ocrx_word' id='word_1_231' title='bbox 703 1951 877 2010; x_wconf 81' lang='lat' dir='ltr'>quando</span> <span class='ocrx_word' id='word_1_232' title='bbox 900 1950 1125 1997; x_wconf 82' lang='lat' dir='ltr'>historiam</span> <span class='ocrx_word' id='word_1_233' title='bbox 1144 1951 1429 2007; x_wconf 82' lang='lat' dir='ltr'>aggredimur</span> <span class='ocrx_word' id='word_1_234' title='bbox 1447 1965 1532 1994; x_wconf 72' lang='lat' dir='ltr'>no·</span> 
     </span>
     <span class='ocr_line' id='line_1_29' title="bbox 70 2014 1533 2074; baseline -0.002 -14"><span class='ocrx_word' id='word_1_235' title='bbox 70 2027 171 2060; x_wconf 71' lang='lat' dir='ltr'>vam</span> <span class='ocrx_word' id='word_1_236' title='bbox 183 2014 425 2060; x_wconf 58' lang='lat' dir='ltr'>lectoribus</span> <span class='ocrx_word' id='word_1_237' title='bbox 439 2016 633 2062; x_wconf 86' lang='lat' dir='ltr'>futuram</span> <span class='ocrx_word' id='word_1_238' title='bbox 647 2051 658 2074; x_wconf 94' lang='lat'>,</span> <span class='ocrx_word' id='word_1_239' title='bbox 673 2030 718 2060; x_wconf 86' lang='lat' dir='ltr'>et</span> <span class='ocrx_word' id='word_1_240' title='bbox 736 2026 864 2059; x_wconf 80' lang='lat' dir='ltr'>antea</span> <span class='ocrx_word' id='word_1_241' title='bbox 876 2016 1214 2073; x_wconf 86' lang='lat' dir='ltr'>incompertam,</span> <span class='ocrx_word' id='word_1_242' title='bbox 1238 2023 1282 2058; x_wconf 84' lang='lat' dir='ltr'>vt</span> <span class='ocrx_word' id='word_1_243' title='bbox 1299 2027 1434 2072; x_wconf 88' lang='lat' dir='ltr'>quum</span> <span class='ocrx_word' id='word_1_244' title='bbox 1445 2015 1533 2057; x_wconf 74' lang='lat' dir='ltr'>Po-</span> 
     </span>
     <span class='ocr_line' id='line_1_30' title="bbox 70 2080 1531 2140; baseline -0.001 -15"><span class='ocrx_word' id='word_1_245' title='bbox 70 2080 226 2140; x_wconf 82' lang='lat' dir='ltr'>lybius</span> <span class='ocrx_word' id='word_1_246' title='bbox 248 2080 430 2126; x_wconf 80' lang='lat' dir='ltr'>Graecis</span> <span class='ocrx_word' id='word_1_247' title='bbox 454 2082 540 2126; x_wconf 85' lang='lat' dir='ltr'>suis</span> <span class='ocrx_word' id='word_1_248' title='bbox 561 2096 630 2125; x_wconf 84' lang='lat' dir='ltr'>res</span> <span class='ocrx_word' id='word_1_249' title='bbox 662 2082 883 2124; x_wconf 82' lang='lat' dir='ltr'>Romanas</span> <span class='ocrx_word' id='word_1_250' title='bbox 915 2088 960 2124; x_wconf 91' lang='lat' dir='ltr'>et</span> <span class='ocrx_word' id='word_1_251' title='bbox 984 2081 1170 2124; x_wconf 79' lang='lat' dir='ltr'>Punicas</span> <span class='ocrx_word' id='word_1_252' title='bbox 1204 2092 1381 2123; x_wconf 84' lang='lat' dir='ltr'>narrare</span> <span class='ocrx_word' id='word_1_253' title='bbox 1409 2080 1531 2124; x_wconf 53' lang='lat' dir='ltr'>insti*</span> 
     </span>
     <span class='ocr_line' id='line_1_31' title="bbox 70 2145 1530 2203; baseline -0.001 -13"><span class='ocrx_word' id='word_1_254' title='bbox 70 2148 235 2191; x_wconf 78' lang='lat' dir='ltr'>tuebat.</span> <span class='ocrx_word' id='word_1_255' title='bbox 293 2162 415 2203; x_wconf 88' lang='lat' dir='ltr'>nam,</span> <span class='ocrx_word' id='word_1_256' title='bbox 439 2154 488 2191; x_wconf 62' lang='lat' dir='ltr'>Vt</span> <span class='ocrx_word' id='word_1_257' title='bbox 516 2155 619 2191; x_wconf 86' lang='lat' dir='ltr'>ante</span> <span class='ocrx_word' id='word_1_258' title='bbox 642 2145 810 2190; x_wconf 59' lang='lat' dir='ltr'>dictum</span> <span class='ocrx_word' id='word_1_259' title='bbox 845 2145 931 2203; x_wconf 89' lang='lat' dir='ltr'>est,</span> <span class='ocrx_word' id='word_1_260' title='bbox 959 2154 1004 2189; x_wconf 91' lang='lat' dir='ltr'>et</span> <span class='ocrx_word' id='word_1_261' title='bbox 1035 2145 1459 2202; x_wconf 59' lang='lat' dir='ltr'>Carthaginiensium</span> <span class='ocrx_word' id='word_1_262' title='bbox 1482 2154 1530 2189; x_wconf 84' lang='lat' dir='ltr'>et</span> 
     </span>
     <span class='ocr_line' id='line_1_32' title="bbox 67 2205 1533 2268; baseline -0.001 -13"><span class='ocrx_word' id='word_1_263' title='bbox 67 2205 331 2256; x_wconf 82' lang='lat' dir='ltr'>Latinorum</span> <span class='ocrx_word' id='word_1_264' title='bbox 350 2218 421 2255; x_wconf 82' lang='lat' dir='ltr'>res</span> <span class='ocrx_word' id='word_1_265' title='bbox 444 2212 585 2256; x_wconf 84' lang='lat' dir='ltr'>adhuc</span> <span class='ocrx_word' id='word_1_266' title='bbox 607 2212 685 2255; x_wconf 81' lang='lat' dir='ltr'>ina</span> <span class='ocrx_word' id='word_1_267' title='bbox 705 2219 848 2254; x_wconf 81' lang='lat' dir='ltr'>aetate</span> <span class='ocrx_word' id='word_1_268' title='bbox 864 2225 1019 2268; x_wconf 84' lang='lat' dir='ltr'>parum</span> <span class='ocrx_word' id='word_1_269' title='bbox 1040 2211 1290 2268; x_wconf 81' lang='lat' dir='ltr'>exploratas</span> <span class='ocrx_word' id='word_1_270' title='bbox 1313 2210 1533 2268; x_wconf 72' lang='lat' dir='ltr'>habebant:</span> 
     </span>
     <span class='ocr_line' id='line_1_33' title="bbox 72 2274 1531 2334; baseline -0.003 -14"><span class='ocrx_word' id='word_1_271' title='bbox 72 2274 242 2321; x_wconf 81' lang='lat' dir='ltr'>Graeci.</span> <span class='ocrx_word' id='word_1_272' title='bbox 302 2276 414 2320; x_wconf 86' lang='lat' dir='ltr'>Sunt</span> <span class='ocrx_word' id='word_1_273' title='bbox 432 2278 540 2321; x_wconf 82' lang='lat' dir='ltr'>aliae</span> <span class='ocrx_word' id='word_1_274' title='bbox 562 2277 784 2334; x_wconf 82' lang='lat' dir='ltr'>historiae,</span> <span class='ocrx_word' id='word_1_275' title='bbox 804 2289 988 2333; x_wconf 87' lang='lat' dir='ltr'>quarum</span> <span class='ocrx_word' id='word_1_276' title='bbox 1000 2277 1217 2334; x_wconf 88' lang='lat' dir='ltr'>principia</span> <span class='ocrx_word' id='word_1_277' title='bbox 1237 2276 1339 2317; x_wconf 86' lang='lat' dir='ltr'>ideo</span> <span class='ocrx_word' id='word_1_278' title='bbox 1354 2274 1531 2331; x_wconf 78' lang='lat' dir='ltr'>possunt</span> 
     </span>
     <span class='ocr_line' id='line_1_34' title="bbox 72 2339 1530 2399; baseline -0.002 -15"><span class='ocrx_word' id='word_1_279' title='bbox 72 2343 248 2398; x_wconf 89' lang='lat' dir='ltr'>omitti,</span> <span class='ocrx_word' id='word_1_280' title='bbox 282 2343 385 2399; x_wconf 87' lang='lat' dir='ltr'>quia</span> <span class='ocrx_word' id='word_1_281' title='bbox 405 2342 505 2386; x_wconf 78' lang='lat' dir='ltr'>sunt</span> <span class='ocrx_word' id='word_1_282' title='bbox 528 2343 732 2385; x_wconf 86' lang='lat' dir='ltr'>omnibus</span> <span class='ocrx_word' id='word_1_283' title='bbox 758 2349 1005 2398; x_wconf 82' lang='lat' dir='ltr'>comperta,</span> <span class='ocrx_word' id='word_1_284' title='bbox 1043 2348 1092 2383; x_wconf 88' lang='lat' dir='ltr'>vt</span> <span class='ocrx_word' id='word_1_285' title='bbox 1114 2355 1251 2398; x_wconf 89' lang='lat' dir='ltr'>quum</span> <span class='ocrx_word' id='word_1_286' title='bbox 1271 2339 1530 2395; x_wconf 87' lang='lat' dir='ltr'>Xenophon</span> 
     </span>
     <span class='ocr_line' id='line_1_35' title="bbox 69 2405 1528 2466; baseline -0.003 -17"><span class='ocrx_word' id='word_1_287' title='bbox 69 2415 117 2450; x_wconf 86' lang='lat' dir='ltr'>et</span> <span class='ocrx_word' id='word_1_288' title='bbox 140 2407 460 2465; x_wconf 84' lang='lat' dir='ltr'>Theopompus</span> <span class='ocrx_word' id='word_1_289' title='bbox 473 2406 988 2466; x_wconf 84' lang='lat' dir='ltr'>Thucydidishistoriam</span> <span class='ocrx_word' id='word_1_290' title='bbox 1008 2406 1209 2462; x_wconf 85' lang='lat' dir='ltr'>persequi</span> <span class='ocrx_word' id='word_1_291' title='bbox 1229 2405 1528 2458; x_wconf 82' lang='lat' dir='ltr'>instituerunt,</span> 
     </span>
     <span class='ocr_line' id='line_1_36' title="bbox 69 2467 1531 2530; baseline -0.003 -17"><span class='ocrx_word' id='word_1_292' title='bbox 69 2479 146 2515; x_wconf 72' lang='lat' dir='ltr'>tut</span> <span class='ocrx_word' id='word_1_293' title='bbox 167 2486 304 2530; x_wconf 88' lang='lat' dir='ltr'>quum</span> <span class='ocrx_word' id='word_1_294' title='bbox 320 2474 439 2514; x_wconf 89' lang='lat' dir='ltr'>idem</span> <span class='ocrx_word' id='word_1_295' title='bbox 457 2472 712 2530; x_wconf 89' lang='lat' dir='ltr'>Xenophon</span> <span class='ocrx_word' id='word_1_296' title='bbox 732 2471 841 2528; x_wconf 84' lang='lat' dir='ltr'>Cyri</span> <span class='ocrx_word' id='word_1_297' title='bbox 859 2471 1187 2528; x_wconf 85' lang='lat' dir='ltr'>expeditionem</span> <span class='ocrx_word' id='word_1_298' title='bbox 1209 2469 1416 2511; x_wconf 83' lang='lat' dir='ltr'>aduersus</span> <span class='ocrx_word' id='word_1_299' title='bbox 1438 2467 1531 2510; x_wconf 85' lang='lat' dir='ltr'>fra-</span> 
     </span>
     <span class='ocr_line' id='line_1_37' title="bbox 67 2533 1530 2595; baseline -0.004 -15"><span class='ocrx_word' id='word_1_300' title='bbox 67 2543 183 2595; x_wconf 78' lang='lat' dir='ltr'>trem</span> <span class='ocrx_word' id='word_1_301' title='bbox 203 2539 501 2581; x_wconf 78' lang='lat' dir='ltr'>Artaxerxem</span> <span class='ocrx_word' id='word_1_302' title='bbox 526 2538 744 2581; x_wconf 85' lang='lat' dir='ltr'>describit.</span> <span class='ocrx_word' id='word_1_303' title='bbox 794 2549 897 2578; x_wconf 88' lang='lat' dir='ltr'>nam</span> <span class='ocrx_word' id='word_1_304' title='bbox 923 2535 1070 2592; x_wconf 79' lang='lat' dir='ltr'>Cyrus</span> <span class='ocrx_word' id='word_1_305' title='bbox 1099 2536 1214 2577; x_wconf 84' lang='lat' dir='ltr'>inter</span> <span class='ocrx_word' id='word_1_306' title='bbox 1236 2533 1433 2582; x_wconf 76' lang='lat' dir='ltr'>Graecos</span> <span class='ocrx_word' id='word_1_307' title='bbox 1454 2534 1530 2575; x_wconf 85' lang='lat' dir='ltr'>diu</span> 
     </span>
     <span class='ocr_line' id='line_1_38' title="bbox 66 2596 1529 2659; baseline -0.002 -15"><span class='ocrx_word' id='word_1_308' title='bbox 66 2602 262 2646; x_wconf 80' lang='lat' dir='ltr'>versatus</span> <span class='ocrx_word' id='word_1_309' title='bbox 283 2614 377 2647; x_wconf 86' lang='lat' dir='ltr'>erat</span> <span class='ocrx_word' id='word_1_310' title='bbox 391 2634 403 2657; x_wconf 84' lang='lat'>‚</span> <span class='ocrx_word' id='word_1_311' title='bbox 425 2617 569 2659; x_wconf 88' lang='lat' dir='ltr'>neque</span> <span class='ocrx_word' id='word_1_312' title='bbox 589 2602 821 2659; x_wconf 80' lang='lat' dir='ltr'>ignorabat</span> <span class='ocrx_word' id='word_1_313' title='bbox 842 2602 1074 2657; x_wconf 87' lang='lat' dir='ltr'>quisquam</span> <span class='ocrx_word' id='word_1_314' title='bbox 1095 2600 1188 2641; x_wconf 81' lang='lat' dir='ltr'>eius</span> <span class='ocrx_word' id='word_1_315' title='bbox 1201 2599 1308 2640; x_wconf 81' lang='lat' dir='ltr'>beili</span> <span class='ocrx_word' id='word_1_316' title='bbox 1330 2596 1529 2642; x_wconf 80' lang='lat' dir='ltr'>caussam.</span> 
     </span>
     <span class='ocr_line' id='line_1_39' title="bbox 13 2660 1528 2711; baseline -0.004 -1"><span class='ocrx_word' id='word_1_317' title='bbox 13 2671 19 2677; x_wconf 85' lang='lat'><strong>‘</strong></span> <span class='ocrx_word' id='word_1_318' title='bbox 65 2660 240 2711; x_wconf 85' lang='lat' dir='ltr'>Idcirco</span> <span class='ocrx_word' id='word_1_319' title='bbox 262 2667 485 2711; x_wconf 80' lang='lat' dir='ltr'>Lucianus</span> <span class='ocrx_word' id='word_1_320' title='bbox 517 2667 799 2711; x_wconf 75' lang='lat' dir='ltr'>eruditissimo</span> <span class='ocrx_word' id='word_1_321' title='bbox 831 2666 946 2708; x_wconf 80' lang='lat' dir='ltr'>libro</span> <span class='ocrx_word' id='word_1_322' title='bbox 976 2665 1031 2706; x_wconf 89' lang='lat' dir='ltr'>de</span> <span class='ocrx_word' id='word_1_323' title='bbox 1057 2663 1371 2706; x_wconf 88' lang='lat' dir='ltr'>conscribenda</span> <span class='ocrx_word' id='word_1_324' title='bbox 1391 2662 1528 2706; x_wconf 77' lang='lat' dir='ltr'>histo-</span> 
     </span>
     <span class='ocr_line' id='line_1_40' title="bbox 63 2729 1528 2789; baseline -0.003 -14"><span class='ocrx_word' id='word_1_325' title='bbox 63 2732 133 2776; x_wconf 80' lang='lat' dir='ltr'>ria</span> <span class='ocrx_word' id='word_1_326' title='bbox 152 2733 241 2775; x_wconf 88' lang='lat' dir='ltr'>duo</span> <span class='ocrx_word' id='word_1_327' title='bbox 262 2746 424 2789; x_wconf 86' lang='lat' dir='ltr'>genera</span> <span class='ocrx_word' id='word_1_328' title='bbox 444 2732 552 2775; x_wconf 85' lang='lat' dir='ltr'>facit</span> <span class='ocrx_word' id='word_1_329' title='bbox 575 2733 877 2785; x_wconf 84' lang='lat' dir='ltr'>historiarum,</span> <span class='ocrx_word' id='word_1_330' title='bbox 898 2743 1033 2772; x_wconf 86' lang='lat' dir='ltr'>vnum</span> <span class='ocrx_word' id='word_1_331' title='bbox 1049 2743 1224 2781; x_wconf 85' lang='lat' dir='ltr'>earum,</span> <span class='ocrx_word' id='word_1_332' title='bbox 1249 2729 1404 2784; x_wconf 85' lang='lat' dir='ltr'>quibus</span> <span class='ocrx_word' id='word_1_333' title='bbox 1426 2741 1528 2784; x_wconf 64' lang='lat' dir='ltr'>pro-1</span> 
     </span>
     <span class='ocr_line' id='line_1_41' title="bbox 65 2792 1526 2852; baseline -0.003 -13"><span class='ocrx_word' id='word_1_334' title='bbox 65 2798 260 2840; x_wconf 86' lang='lat' dir='ltr'>oemium</span> <span class='ocrx_word' id='word_1_335' title='bbox 280 2799 387 2840; x_wconf 84' lang='lat' dir='ltr'>adeo</span> <span class='ocrx_word' id='word_1_336' title='bbox 409 2796 693 2840; x_wconf 84' lang='lat' dir='ltr'>neceffarium</span> <span class='ocrx_word' id='word_1_337' title='bbox 708 2831 721 2852; x_wconf 94' lang='lat'>,</span> <span class='ocrx_word' id='word_1_338' title='bbox 745 2805 790 2840; x_wconf 86' lang='lat' dir='ltr'>vt</span> <span class='ocrx_word' id='word_1_339' title='bbox 808 2796 920 2838; x_wconf 85' lang='lat' dir='ltr'>illud</span> <span class='ocrx_word' id='word_1_340' title='bbox 938 2792 1269 2851; x_wconf 81' lang='lat' dir='ltr'>praetermifiss&#39;e</span> <span class='ocrx_word' id='word_1_341' title='bbox 1294 2807 1384 2835; x_wconf 89' lang='lat' dir='ltr'>non</span> <span class='ocrx_word' id='word_1_342' title='bbox 1406 2792 1526 2834; x_wconf 74' lang='lat' dir='ltr'>aliud</span> 
     </span>
     <span class='ocr_line' id='line_1_42' title="bbox 65 2858 1526 2920; baseline -0.005 -15"><span class='ocrx_word' id='word_1_343' title='bbox 65 2860 141 2918; x_wconf 84' lang='lat' dir='ltr'>fit,</span> <span class='ocrx_word' id='word_1_344' title='bbox 174 2876 306 2920; x_wconf 86' lang='lat' dir='ltr'>quam</span> <span class='ocrx_word' id='word_1_345' title='bbox 324 2876 490 2919; x_wconf 83' lang='lat' dir='ltr'>corpus</span> <span class='ocrx_word' id='word_1_346' title='bbox 511 2863 600 2905; x_wconf 88' lang='lat' dir='ltr'>fine</span> <span class='ocrx_word' id='word_1_347' title='bbox 621 2863 767 2920; x_wconf 78' lang='lat' dir='ltr'>capite</span> <span class='ocrx_word' id='word_1_348' title='bbox 785 2858 1019 2919; x_wconf 80' lang='lat' dir='ltr'>peperiss&#39;e:</span> <span class='ocrx_word' id='word_1_349' title='bbox 1055 2859 1242 2902; x_wconf 64' lang='lat' dir='ltr'>aiterum</span> <span class='ocrx_word' id='word_1_350' title='bbox 1254 2858 1428 2902; x_wconf 79' lang='lat' dir='ltr'>illarum</span> <span class='ocrx_word' id='word_1_351' title='bbox 1442 2892 1453 2908; x_wconf 86' lang='lat'>,</span> <span class='ocrx_word' id='word_1_352' title='bbox 1480 2859 1526 2899; x_wconf 84' lang='lat' dir='ltr'>in</span> 
     </span>
     <span class='ocr_line' id='line_1_43' title="bbox 870 2923 1523 2981; baseline -0.008 -13"><span class='ocrx_word' id='word_1_353' title='bbox 870 2925 904 2968; x_wconf 86' lang='grc' dir='ltr'>Β</span> <span class='ocrx_word' id='word_1_354' title='bbox 919 2925 943 2968; x_wconf 91' lang='lat' dir='ltr'>b</span> <span class='ocrx_word' id='word_1_355' title='bbox 957 2925 983 2967; x_wconf 88' lang='lat' dir='ltr'>b</span> <span class='ocrx_word' id='word_1_356' title='bbox 1364 2923 1523 2981; x_wconf 68' lang='lat' dir='ltr'>quibus</span> 
     </span>
    </p>
   </div>
  </div>
 </body>
</html>
