1676 3158
339 118 528 146 .-..ae⁴·‘''’‘

396 154 758 205 COMMENT.
797 156 875 204 ΙΝ
911 156 1289 207 POLYBIVM.
1480 169 1570 216 757

104 274 214 337 est.
215 273 394 331 ‘Strabo
422 276 572 322 verbis
592 277 749 335 paullo
769 284 872 322 ante
890 278 1038 323 allatis
1062 278 1261 336 subiicit,
1282 297 1391 327 καιτοι
1410 299 1484 339 την
1501 281 1571 327 ἐπ’

104 340 356 390 ’Anaxaretes
383 343 600 402 γενομένην
630 338 798 403 εἰρήνην.
837 345 901 387 ita
930 345 1047 387 enim
1075 345 1352 389 scribendum
1371 344 1492 389 effe
1479 359 1568 390 iam

51 446 70 455 .,
105 407 219 451 olim
249 407 520 452 monuimus.
582 407 908 457 Eruditiffimus
943 409 1009 452 vir
1034 407 1287 455 Gulielmus
1315 410 1565 476 Xylander‚

46 524 48 526 q
104 472 180 519 cui
199 471 316 530 apud
334 471 593 522 Strabonem
613 472 757 519 fraudi
785 474 874 518 fuit
903 482 1113 531 corrupta
1140 473 1304 532 lectio,
1349 476 1422 519 hic
1455 491 1567 534 quo-

105 547 193 596 que
210 538 258 582 iu
274 539 478 582 eumdem
498 552 694 582 errorem
715 553 773 583 ex
791 539 875 582 alia
886 539 1116 583 occafione
1132 540 1317 598 incidit,
1338 554 1442 586 cum
1454 540 1566 585 Ger-

100 615 276 647 mamea
296 602 411 650 veste
434 611 639 646 ornatum
658 604 921 688 scriptorem
941 603 1058 647 hunc
1081 604 1388 650 nobiliffimum
1411 607 1567 651 edidit.

100 667 221 712 male
251 668 373 711 enim
407 669 580 726 accepit
605 668 684 712 illa
714 674 760 715 ἐν
792 690 850 734 ω,
871 683 1016 726 eoque
1036 669 1111 712 fibi
1130 670 1362 727 persuafit,
1392 670 1564 715 Romae

83 729 254 779 ’ἅλωσιν
273 741 318 777 et
338 729 511 780 Κελτῶν
533 732 680 789 εφοδον
708 734 754 777 in
776 717 977 777 eumdem
1003 749 1167 778 annum
1200 735 1424 790 incidere,
1460 750 1566 780 cum

100 810 255 856 pugna
278 798 332 841 ad
352 798 714 856 Aegospotamos
733 808 945 857 pugnata
977 800 1053 857 qui
1076 808 1204 844 tanto
1228 801 1326 843 viro
1349 799 1563 858 indignus

101 862 165 907 0st
193 876 330 908 error.
381 878 484 907 nam
513 863 682 908 Perotti
713 873 922 923 portenta
948 865 1036 908 iam
1067 865 1232 909 dudum
1264 865 1412 909 mirari
1443 865 1563 910 desii.

98 926 225 972 Haec
246 928 309 972 est
330 927 408 971 illa
428 943 515 986 pax
538 927 717 976 infamis
732 963 744 985 ,
767 943 879 986 quae
899 929 1276 976 Lacedaemonios
1292 930 1562 992 perfidiae-in

98 993 276 1051 socios,
299 992 500 1037 Graecos
519 1007 677 1038 omnes
698 994 909 1038 stultitiae
930 995 1073 1051 palam
1086 997 1322 1040 damnauit.
1354 1009 1454 1040 nam
1469 997 1564 1053 qui,

99 1058 207 1105 dum
227 1067 352 1102 erant
370 1059 644 1114 concordes,
664 1058 947 1103 nobiliffimos
966 1061 1023 1104 de
1038 1059 1340 1118 potentiffimo
1362 1061 1565 1107 omnium

95 1137 259 1180 regum
292 1123 562 1168 Persicorum
592 1094 844 1181 triumphos
879 1124 1146 1177 retulerant;
1197 1125 1233 1167 ii
1261 1125 1348 1173 iam
1375 1127 1490 1171 inter
1518 1125 1563 1168 se

96 1189 351 1248 discordes,
364 1197 409 1233 et
429 1189 505 1232 fibi
527 1189 723 1232 inuicem
741 1188 884 1235 infesti
899 1203 1020 1248 regi
1032 1204 1198 1247 ignauo
1221 1198 1268 1234 et
1289 1191 1405 1234 inter
1426 1183 1560 1253 pelli-

96 1268 174 1299 ces
195 1253 366 1299 sedenti
386 1255 600 1311 imperata
618 1253 802 1302 faciunt
835 1254 871 1297 F
873 1255 1089 1301 ormulam
1108 1255 1161 1299 ab
1171 1255 1424 1299 Artaxerxe
1437 1270 1562 1313 prae-

94 1319 331 1378 scriptam,
349 1318 480 1362 habes
505 1320 622 1376 apud
646 1319 1021 1378 Xenophontem,
1050 1322 1101 1370 in
1129 1321 1281 1378 quinta
1297 1320 1562 1365 Hellenico-

94 1398 210 1431 rum.
244 1383 405 1428 Scribit
421 1384 613 1428 Iustinus
645 1398 796 1442 regem
818 1385 1116 1433 Artaxerxem
1144 1386 1320 1442 legatos
1350 1387 1395 1429 in
1420 1385 1560 1433 Grae-

96 1450 212 1494 ciam
233 1448 412 1507 mififfe,
435 1451 489 1492 ad
514 1450 762 1492 faciendam
782 1449 895 1493 hanc
914 1463 1094 1508 pacem:
1130 1451 1203 1493 sed
1224 1449 1381 1495 Graeci
1403 1452 1558 1509 potius

92 1515 142 1560 in
159 1514 332 1572 Asiam,
354 1516 474 1574 quod
497 1515 600 1559 satis
621 1515 791 1559 constat
805 1549 817 1571 ‚
856 1515 1104 1571 legationes
1133 1516 1302 1559 misere.
1345 1530 1475 1574 quam
1499 1516 1558 1559 ob

94 1579 284 1624 caussam
306 1593 392 1638 pax
413 1580 522 1623 haec
544 1595 635 1623 non
656 1580 786 1624 aliter
806 1580 897 1624 illis
917 1581 1105 1637 dicitur,
1135 1594 1265 1638 quam
1286 1581 1354 1625 ἐπ’
1371 1582 1559 1627 Ἀνταλ-

93 1646 213 1701 κίδε,
233 1646 320 1690 hoc
339 1646 430 1702 est,
452 1646 604 1702 legato
627 1645 862 1689 Antalcida
881 1644 1006 1691 farta.
1040 1660 1141 1690 nam
1163 1646 1228 1689 ita
1244 1647 1316 1691 ἐπὶ
1340 1646 1414 1689 hic
1440 1647 1557 1690 acci-

93 1711 332 1769 piendum,
362 1725 499 1769 quum
530 1718 679 1754 tamen
709 1710 847 1767 vulgo
875 1711 923 1753 id
954 1725 1098 1768 genus
1131 1712 1308 1754 dicendi
1329 1713 1387 1754 de
1410 1713 1555 1769 magi-

90 1776 298 1821 stratibus
323 1777 587 1832 ordinariis,
607 1789 697 1819 non
718 1776 959 1833 delegatis
978 1776 1222 1834 vsurpetur.
1280 1775 1387 1819 Ideo
1421 1777 1556 1821 etiam

90 1840 313 1901 Polybius
333 1836 539 1902 ἐκύρωσαν
560 1841 695 1883 dixit:
732 1841 835 1898 quia
852 1841 939 1884 hoc
962 1841 1120 1885 foedus
1145 1842 1190 1885 in
1211 1841 1313 1885 Afia
1334 1854 1414 1900 per
1431 1841 1555 1899 lega-

88 1913 164 1952 tos
190 1905 385 1964 sactum,
448 1905 545 1964 post
576 1904 908 1950 Lacedaemone
937 1906 1249 1951 rati-habitione
1279 1908 1453 1953 senatus
1489 1907 1552 1951 est

86 1972 413 2017 confirmatum.

181 2037 289 2082 Ibid.
323 2039 398 2097 amq*
430 2039 453 2082 ὅ
484 2031 765 2097 πρεσβύτερος
789 2031 988 2088 Διονύσιος
1018 2033 1074 2098 r?
1100 2037 1195 2096 rep)
1214 2034 1285 2083 τᾶν
1305 2037 1552 2096 Ἐλέτορον

87 2120 276 2157 toramen
294 2099 419 2164 μάχῃ
438 2120 648 2160 νενικηκως
670 2098 740 2152 nic
762 2119 870 2146 κατα
888 2098 962 2161 τῆν
981 2102 1180 2147 'habau‘
1178 2099 1415 2160 Έλληνας.)
1446 2121 1551 2147 νενι-

87 2186 244 2225 aqum,
263 2168 311 2211 id
336 2168 422 2224 est,
457 2181 593 2225 quum
612 2167 790 2210 biennio
813 2176 914 2210 ante
946 2166 1145 2211 viciss‘et.
1178 2167 1256 2224 qui
1287 2167 1374 2210 fuit
1405 2180 1546 2210 annus

60 2231 275 2277 'vltimus
306 2232 592 2293 Olympiadis
617 2247 774 2276 xcvn.
825 2231 938 2275 fuse
971 2232 1194 2276 Diodorus
1224 2231 1401 2277 Siculus
1431 2232 1546 2275 libro

83 2311 198 2343 xiv.
219 2298 532 2342 Bibliothecae.
566 2297 797 2340 Obfidebat
817 2305 1034 2356 tyrannus
1054 2297 1312 2341 Cauloniam
1325 2332 1336 2353 ‚
1360 2311 1449 2340 non
1463 2311 1545 2353 po-

84 2363 288 2408 stremam
306 2365 423 2407 inter
443 2363 630 2419 Magnae
651 2360 862 2405 Graeciae
882 2362 1026 2406 vrbes.
1060 2362 1346 2405 Crotoniatae
1369 2362 1546 2404 soluen-

86 2430 170 2472 dae
190 2430 428 2474 obfidionis
451 2429 624 2485 cupidi,
656 2428 800 2484 copiis
830 2428 1026 2470 omnium
1070 2425 1338 2470 Graecorum
1360 2425 1546 2468 Italico-

84 2507 184 2538 rum
203 2494 445 2539 contractis
466 2493 624 2538 ducem
643 2493 708 2535 eis
731 2493 965 2548 impontmt
981 2492 1178 2547 Elorim‚
1201 2491 1394 2535 exsulem
1406 2491 1544 2548 Syra-

14 2554 21 2559 “
86 2562 311 2607 cusanum.
345 2561 434 2604 itur
454 2559 501 2600 in
522 2559 689 2606 hostem
703 2592 715 2613 ,
748 2566 872 2614 parte
892 2558 1083 2600 maxima
1118 2557 1293 2599 itineris
1320 2553 1543 2612 confe&a,

83 2625 237 2669 Eloris
257 2627 496 2683 imperator
518 2625 568 2666 ad
593 2623 764 2666 Elorim
777 2636 948 2665 amnem
969 2636 1059 2664 non
1072 2622 1228 2678 procul
1247 2621 1297 2664 ab
1312 2623 1417 2665 vrbe
1429 2621 1544 2664 Cau-

84 2691 210 2734 lonia
229 2693 411 2737 metitur
435 2690 582 2735 castra.
616 2688 813 2732 occurrit
828 2686 1070 2749 Dionysius
1086 2721 1098 2742 ,
1122 2688 1420 2743 etimparatos
1433 2700 1543 2731 con-

86 2757 222 2799 cidit:
256 2753 379 2806 αὗτὲς
400 2757 442 2800 δὲ
465 2751 609 2813 ἑλώρια
629 2750 759 2810 τεῦχε
772 2749 945 2797 κύνεσσι.
982 2766 1083 2796 nam
1102 2753 1250 2799 omine
1267 2766 1359 2795 non
1381 2753 1541 2802 caruit,

87 2821 206 2878 quod
227 2830 271 2864 et
294 2821 381 2863 dux
404 2827 449 2862 et
470 2819 633 2862 fluuius
656 2818 748 2873 ille,
774 2819 828 2862 ad
852 2831 982 2875 quem
999 2826 1261 2875 pugnatum,
1282 2819 1440 2860 eodem
1461 2817 1541 2860 illo

84 2887 264 2930 nomine
286 2886 555 2930 dicebantur.
587 2883 639 2927 In
659 2883 784 2927 libris
808 2882 997 2927 Diodori
1019 2884 1187 2943 Ἑλωρῖς
1207 2889 1441 2941 Vtrumque
1461 2897 1544 2924 no-

888 2949 959 2993 Bb
974 2948 998 2989 b
1028 2961 1052 2996 3
1444 2961 1547 2990 men
