1676 3158
0 0 43 30 ng·
60 0 174 32 '‘W‘'
203 0 356 34 πψτη)
382 6 406 19 -.

259 25 372 52 1321&

347 54 367 73 s!

526 73 695 99 ,vua-2⁷⁷²*

314 97 719 179 coimmu-
741 129 826 174 ιιι
860 127 1240 177 ΡοιῩΒινΜ.
1320 147 1324 151 -
1438 127 1525 188 763

60 246 291 312 calamita
319 247 434 307 fuit,
469 264 607 308 quum
627 264 654 292 a
673 249 933 308 Campanis,
969 252 1046 310 qui
1073 252 1320 310 Agathocli·
1350 267 1527 296 merue-

25 334 37 336 “
58 319 192 370 hut,
221 314 387 360 iterum
419 315 573 359 fraude
598 327 817 373 occupata
847 317 930 374 est,
965 327 1012 362 et
1045 318 1191 362 miseri
1221 318 1398 362 incolae
1444 331 1527 375 per

64 379 216 424 omnia
226 379 443 424 humanae
457 382 697 438 patientiae
711 382 913 439 exempla
933 383 1096 428 vexati.
1128 384 1169 427 E
1188 384 1375 428 Diodori
1388 383 1527 427 Eclo-
1606 437 1611 442 Ι

54 444 136 503 >gis
157 442 324 488 fastum
352 445 439 491 hoc
466 447 760 503 intelligitur,
798 461 945 506 neque
971 449 1114 494 statim
1134 449 1232 508 post
1250 450 1432 508 tyranni
1452 449 1526 492 in-

61 511 246 557 teritum
257 525 437 569 ,neque
456 512 518 556 ita
538 511 682 556 multo
706 512 814 569 post.

155 573 264 620 Ibid.
296 579 521 632 Kantanos
542 595 656 636 παρα
678 574 933 631 Ἀγαθοκλεῖ
949 576 1296 638 μιθοφορὲντες.)
1330 578 1427 622 Ιιιιο
1442 593 1523 623 ve-

62 653 116 684 ro
134 637 519 701 μιθοφορησαντες,
553 643 626 700 qui
645 648 916 698 meruerant,
946 657 1038 687 non
1058 649 1288 699 merentes,
1319 644 1436 701 quafi
1457 645 1526 691 su-

60 704 244 764 perstite
265 707 520 764 Agathocle
542 707 629 751 hoc
650 706 893 764 accidifi'et,
926 709 1047 765 quod
1070 708 1228 753 falsum
1263 708 1348 752 effe
1370 723 1425 752 ex
1448 710 1524 768 iis,

61 771 176 827 quae
194 773 330 815 modo
351 773 627 829 dicebamus,
641 779 835 830 apparet.
899 771 1107 831 Campani
1129 774 1284 831 priscis
1307 776 1524 832 tempori-

60 833 141 878 bus
173 837 374 880 militaris
401 838 579 896 spiritus
608 839 692 882 viri
724 852 778 880 ex
804 837 933 882 Italia
958 839 1004 881 in
1031 838 1227 883 Siciliam
1258 839 1523 896 transgreffi‚

61 900 196 944 modo
223 903 411 958 Poenis,
440 903 850 964 modo3Poenorum
869 903 1061 948 hostibus
1082 919 1262 962 operam
1293 905 1523 957 locabant;

49 965 168 1022 *quin
191 967 363 1024 aliquot
385 969 516 1012 vrbes
538 969 584 1013 in
604 967 758 1012 Sicilia
788 969 835 1011 in
859 969 933 1012 sua
953 970 1169 1026 potestate
1188 971 1308 1028 ipsos
1330 969 1522 1015 habuiffe

59 1030 183 1075 testis
200 1032 454 1085 Diodorus;
489 1041 537 1077 vt
558 1033 765 1078 Catanam
786 1041 834 1077 et
855 1033 1081 1078 Entellam
1103 1035 1190 1078 iam
1220 1036 1326 1078 inde
1358 1050 1384 1078 a
1410 1035 1523 1079 Dio-

61 1095 177 1152 nyfii
209 1097 392 1141 senioris
422 1100 708 1156 temporibus.
780 1098 832 1141 In
865 1099 962 1142 eius
995 1100 1181 1157 Eclogis
1212 1115 1237 1143 e
1268 1101 1381 1144 libro
1410 1115 1522 1152 xxx.

62 1170 307 1219 occupatae
325 1176 350 1204 a
366 1162 599 1222 Campanis
621 1162 835 1209 Mefl‘anae
866 1164 1045 1208 historia
1074 1165 1131 1209 fic
1157 1166 1362 1210 refertur.
1423 1165 1522 1210 Ex—

57 1224 219 1270 stinfflm
235 1228 494 1284 Agathocle
511 1230 829 1287 Syracusarum
855 1238 1051 1288 tyranno
1085 1230 1340 1288 supererant
1364 1239 1521 1290 tyran-

60 1290 178 1334 nidis
206 1293 515 1351 instrumenta,
551 1296 931 1348 ,mercenariorum
966 1296 1228 1353 praefidium
1261 1297 1373 1339 adeo
1407 1297 1520 1341 vali-

61 1354 193 1413 dum,
212 1366 260 1401 vt
279 1359 348 1402 ius
369 1361 546 1404 creandi
569 1361 845 1418 magistratus
870 1359 946 1404 fibi
971 1362 1237 1407 vendicaret.
1298 1362 1448 1414 Quum
1467 1377 1519 1408 ea

60 1421 292 1466 occasione
324 1424 481 1468 seditio
512 1427 630 1470 inter
664 1426 784 1469 ciues
815 1434 860 1470 et
889 1428 1184 1470 mercenarios
1212 1426 1318 1471 esset
1345 1436 1517 1486 coorta,

58 1489 272 1531 conuenit
298 1491 475 1545 tandem
496 1491 614 1534 inter
634 1499 783 1548 partes
798 1526 811 1546 ,
843 1498 892 1535 vt
914 1493 1174 1548 peregrinus
1206 1493 1336 1536 miles
1360 1494 1518 1536 diuen-

58 1550 167 1595 ditis
188 1552 315 1595 bonis
336 1569 387 1598 ac
411 1555 743 1613 poffeffionibus
767 1556 876 1611 suis,
896 1556 1071 1600 Siciliae
1091 1557 1251 1601 finibus
1265 1559 1516 1601 excederet.

57 1615 140 1658 hac
166 1616 441 1664 simulatione
472 1620 682 1679 Campani
716 1623 800 1665 iter
830 1593 884 1664 ad
913 1622 1076 1666 fretum
1107 1622 1367 1667 instituunt:
1411 1623 1521 1666 ibia

57 1681 282 1725 Messaniis
302 1685 419 1730 intra
438 1686 588 1728 vrbem
608 1687 796 1743 adrniffi,
821 1688 972 1730 vrbem
992 1703 1094 1731 mox
1116 1698 1360 1745 occupant,
1381 1696 1427 1732 et
1436 1703 1520 1732 no-

61 1744 138 1790 stu
161 1747 384 1806 hospites,
406 1765 483 1808 qui
500 1765 657 1810 parum
676 1763 909 1809 cauerant,
946 1754 1168 1796 occidunt.
1214 1753 1322 1796 haec
1343 1753 1516 1797 Diodo-

55 1826 159 1858 rus:
204 1813 276 1856 sed
307 1814 443 1873 longe
472 1817 602 1860 aliter
631 1819 848 1875 Alphius:
904 1832 996 1861 non
1027 1819 1145 1861 enim
1176 1816 1401 1875 Syracusis
1431 1817 1519 1862 esse

57 1877 312 1935 profeflws,
343 1882 419 1938 qui
442 1881 674 1924 Messanam
697 1892 1002 1939 occuparunt,
1031 1897 1185 1927 verum
1212 1898 1237 1925 e
1274 1885 1416 1941 patria
1445 1899 1517 1926 re-

57 1957 166 1986 cens
184 1944 309 1987 illam
330 1960 507 1990 manum
528 1946 652 1991 fuisse
676 1957 773 1991 tum
794 1948 962 2004 pulsam
1024 1948 1247 1991 historiam
1276 1950 1339 1992 ita
1369 1957 1515 1994 narrat

57 2007 212 2052 Festus
236 2025 291 2053 ex
314 2011 470 2068 Alphii
493 2012 604 2056 libro
628 2013 772 2070 primo
805 2013 910 2055 belli
943 2012 1312 2069 Carthaginienfis
1326 2029 1339 2065 3
1373 2013 1514 2072 Quum

57 2079 144 2116 toto
164 2075 342 2118 Samnio
367 2078 555 2133 grauior
581 2076 781 2136 incidiſjet
800 2078 1056 2136 pestilentia,
1089 2076 1290 2122 Sthenius
1321 2080 1517 2136 Mettius,

55 2140 147 2182 eius
166 2142 310 2197 gentis
325 2143 524 2200 princeps
538 2178 550 2199 ,
570 2148 798 2186 conuocato
819 2144 970 2186 ciuium
991 2143 1169 2203 ficorum
1198 2146 1407 2200 concione,
1436 2159 1515 2187 ex-

53 2204 195 2263 peficit
210 2205 260 2264 se
279 2205 422 2266 vidzffe
447 2209 491 2250 in
511 2210 644 2266 quiete
667 2209 992 2265 praecipientem
1010 2207 1274 2266 Apollinem,
1303 2215 1351 2252 vt
1369 2210 1409 2267 fi
1429 2211 1516 2252 vel-

57 2269 143 2313 lent
163 2286 208 2314 eo
231 2273 344 2315 malo
366 2271 545 2316 liberari
558 2308 569 2327 ,
592 2288 669 2317 ver
678 2272 853 2331 socrum
873 2280 1070 2317 vouerent
1086 2309 1098 2329 ,
1120 2273 1169 2316 id
1187 2275 1264 2333 est,
1295 2289 1515 2332 quaecum-

56 2348 134 2393 que
155 2351 254 2380 vere
267 2340 471 2394 proximo
489 2345 594 2381 nata
612 2337 732 2397 effent
750 2339 1043 2382 immolaturos
1054 2338 1145 2396 fibi.
1209 2339 1303 2396 Quo
1314 2339 1438 2396 saffo
1459 2342 1517 2383 le-

57 2403 174 2445 vatis
187 2404 280 2462 post
306 2416 470 2447 annum
498 2405 755 2462 vicensimum
785 2403 952 2459 deinde,
984 2404 1167 2447 eiusdem
1190 2406 1362 2464 generis
1388 2406 1514 2465 pesti-

54 2467 185 2510 lentia
206 2468 364 2527 inceffit.
426 2468 612 2527 Rurfiam
631 2471 772 2527 itaque
789 2468 998 2527 consultus
1008 2468 1164 2526 Apollo
1186 2468 1516 2526 responditmon

58 2530 131 2590 effe
147 2533 404 2591 persolutum
428 2534 482 2577 ab
502 2536 555 2577 iis
577 2541 721 2577 votum
734 2569 746 2589 ,
779 2533 893 2592 quod
910 2535 1096 2576 homines
1117 2536 1322 2576 immolati
1355 2549 1436 2577 non
1455 2533 1516 2593 es:-

47 2597 172 2655 sent:
204 2599 357 2657 quossi
373 2598 641 2657 expuliſjent,
663 2605 770 2642 certe
778 2599 906 2656 fore,
930 2606 977 2643 vt
998 2613 1046 2642 ea
1068 2599 1186 2642 clade
1216 2598 1517 2647 liberarentur.

55 2662 214 2720 ltaque
235 2666 292 2707 iis
316 2664 434 2708 iuffis
459 2666 598 2721 patria
630 2666 864 2720 decedere,
898 2678 1032 2721 quum
1051 2666 1097 2709 in
1118 2675 1243 2722 parte
1266 2678 1316 2705 ea
1335 2663 1515 2711 Siciliae

57 2729 370 2784 consediffent,
392 2745 501 2787 quae
521 2730 770 2773 Tauricana
792 2731 953 2772 dicitur
966 2764 979 2784 ,
1010 2728 1128 2774 forte
1145 2729 1399 2786 parantibus
1419 2731 1515 2775 bel-

54 2792 102 2834 lo
127 2809 311 2837 cernere
340 2794 688 2838 Mess'anienfibus
717 2796 882 2840 auxilio
908 2803 1123 2837 venerunt
1142 2794 1258 2836 vltro
1280 2809 1449 2854 eosque
1463 2796 1516 2839 ab

54 2857 179 2912 hoste
200 2860 455 2905 liberarunt.
518 2860 674 2917 Itaque
702 2859 1000 2918 prouinciales
1033 2860 1088 2903 ob
1108 2858 1312 2904 meritum
1342 2875 1514 2917 eorum,

1346 2936 1396 2973 vt.
1417 2941 1517 2984 gra-
