1676 3158
36 0 323 45 ›²⁷3-J21'54'W5'K&

275 0 466 89 {fs
491 0 526 15 ³

50 124 72 160 '²
118 152 121 157 ’
230 150 237 161 ·
320 103 706 192 eo‘M‘MENT.
748 144 824 192 IN
867 95 1247 195 PoLYva.
1440 151 1538 209 >787
1612 128 1613 135 '

38 271 159 337 pro
164 246 479 317 contaminatis
512 269 626 311 omni
662 269 876 325 impietate
898 274 1067 313 tantum
1089 268 1372 328 susceperint,
1394 271 1532 329 facile

69 329 212 377 mnes
231 328 488 390 intelligent,
510 333 621 391 ipsos
642 333 972 389 misericordiam
993 349 1100 391 erga
1118 335 1297 396 affliffos
1316 338 1533 382 auaritiae

63 394 170 451 sicae
197 395 444 441 obtendere:
478 413 605 456 quum
639 411 792 441 reuera
817 396 1010 442 Siciliam
1040 400 1337 457 concupiscant.
1401 403 1530 446 Prae-

70 463 187 508 clare
205 462 282 506 ista
302 452 512 506 Hieronis
538 464 651 522 Poly
655 463 711 507 bii
733 473 929 507 mentem
961 466 1200 538 explicant.
1263 466 1355 509 Etfi
1379 477 1531 512 autem

66 526 190 572 refte
209 528 447 584 grauiffimi
474 536 624 586 patres
653 529 830 572 senatus
860 528 987 573 Rom.
1015 530 1062 572 in
1095 530 1175 573 hac
1210 531 1530 577 deliberatione

66 592 238 647 ἀλογίαν
259 593 544 649 damnarunt,
575 592 871 637 etconfilium
899 593 1183 650 respuerunt,
1217 597 1336 652 quod
1367 598 1532 654 priori·-

66 657 551 707 bus-nonconsentiret
565 675 578 710 3
613 658 836 702 sciendum
855 657 1000 702 tamen
1024 660 1086 703 est
1101 694 1112 715 ,
1129 672 1294 703 ‘rerum
1319 661 1529 718 politica..

63 737 163 768 rum
189 729 236 767 et
256 724 450 766 omnium
473 723 756 767 humanarum
779 737 875 766 eam
893 722 977 766 esse
989 732 1210 780 naturam,
1225 732 1272 767 vt
1287 726 1412 782 saepe
1425 727 1530 772 huic

63 788 234 845 rigidae
256 788 552 832 obser-nationi
572 789 700 831 locus
725 787 808 830 effe
838 790 1020 831 omnino
1043 803 1120 846 per
1149 790 1424 847 prudentiam
1451 810 1532 837 πο..

65 850 223 910 λιτικῆν
249 866 341 896 non
374 861 517 910 queat.
580 853 859 897 Prudentiam
891 854 1142 911 philosophi
1176 855 1352 912 politici
1383 857 1530 914 dupli-

66 933 163 963 cem
186 917 380 962 faciunt:
414 933 531 974 eam,
561 932 684 975 quae*
703 918 954 975 simpliciter
984 921 1218 976 prudentia
1240 928 1448 978 vocatur,
1481 929 1529 967 et

68 998 197 1041 quam
218 983 296 1040 ipfi
328 984 482 1027 dicunt
509 980 768 1042 περιςατικιὶν
791 1018 802 1039 ,
834 985 960 1028 velut
992 992 1242 1042 temporum
1272 985 1527 1030 necestitate

65 1048 320 1106 expressam.
382 1048 524 1092 Simili
544 1050 714 1092 ratione
735 1048 941 1092 dicuntur
962 1047 1154 1092 Senecae
1176 1050 1359 1107 epistola
1385 1063 1528 1099 var.

66 1112 275 1173 quaedam
297 1115 442 1170 prima
477 1113 614 1162 bonnm
649 1120 866 1171 tamquam
891 1112 1129 1170 gaudium,
1149 1128 1271 1172 pax,
1293 1114 1421 1172 salus
1446 1129 1528 1173 pa-

66 1180 204 1222 triae:
247 1178 454 1237 quaedam
472 1178 661 1237 secunda
687 1180 731 1222 in
761 1180 946 1222 materia
971 1178 1128 1236 infelici
1157 1179 1379 1238 expraeffa5
1415 1186 1529 1224 tam-

66 1258 194 1302 quam
216 1249 519 1287 tormentorum
533 1245 768 1300 patientia,
790 1250 830 1286 et
848 1246 892 1286 in
909 1244 1055 1286 morbo
1070 1246 1206 1302 graui
1235 1247 1530 1302 temperantia.

65 1309 136 1353 Ex
167 1309 249 1351 hac
279 1309 530 1353 diuerfitate
563 1324 702 1366 genus
726 1309 890 1366 duplex
914 1308 1167 1354 officiorum
1189 1311 1270 1353 viri
1294 1311 1527 1367 prudentis

63 1375 280 1419 nascitur:
292 1373 442 1418 officia
454 1375 607 1432 prima,
623 1374 712 1418 siue
723 1374 935 1432 primario
950 1375 1145 1432 suscepta
1157 1410 1167 1429 ‚
1181 1375 1227 1418 in
1240 1375 1396 1433 quibus
1419 1376 1531 1419 emi-

64 1447 138 1483 cat
149 1440 241 1496 ipsa
260 1439 462 1484 honestas
479 1474 491 1496 ‚
506 1439 626 1483 nulla
639 1439 853 1482 inhonesti
869 1439 1114 1496 suspicione
1128 1448 1202 1484 aut
1216 1441 1434 1483 mixtione
1448 1440 1529 1484 ob-
1546 1462 1548 1465 v

65 1504 262 1549 scutata:
297 1514 347 1548 vt
371 1519 508 1562 quum
525 1504 649 1546 diues
672 1505 830 1562 aliquis
853 1506 1021 1560 patriae
1042 1514 1118 1548 aut
1133 1507 1289 1561 egenis
1311 1520 1419 1562 opes
1433 1506 1528 1549 suas

65 1570 305 1627 impendit:
350 1584 485 1627 quum
512 1570 579 1611 vir
612 1570 741 1612 fortis
777 1578 933 1612 contra
961 1573 1130 1626 patriae
1158 1571 1413 1627 perduelles
1446 1570 1528 1614 stat

65 1634 246 1678 fortiter
274 1634 322 1677 in
360 1635 482 1678 acie:
517 1636 624 1677 item
654 1633 802 1678 officia
829 1632 1092 1693 περιςατικοὲ,
1125 1650 1235 1692 quae
1266 1637 1323 1680 M.
1349 1635 1527 1679 Tullius

66 1713 333 1746 OFF1CIA
378 1713 457 1743 Ex
502 1713 793 1743 TEMPORE
829 1700 1040 1742 vertendo
1073 1701 1295 1758 nominat,
1350 1709 1396 1744 et
1432 1714 1529 1743 SE-

68 1778 95 1808 c
110 1779 140 1808 v
155 1781 187 1808 N
202 1781 230 1807 D
245 1780 279 1807 A
323 1779 359 1807 Η
372 1779 402 1807 ο
416 1780 447 1807 N
463 1780 493 1807 E
506 1779 528 1807 s
543 1780 572 1806 Τ
586 1779 645 1817 Λς
703 1777 841 1821 quum
872 1764 1116 1820 honestati,
1161 1779 1293 1822 quam
1317 1766 1526 1822 sequeris,

62 1830 175 1873 inest
197 1830 389 1886 aliquid,
412 1831 530 1886 quod
554 1830 814 1886 plerumque
838 1837 968 1886 turpe
990 1830 1202 1873 videatur.
1247 1831 1385 1887 Saepe
1409 1831 1528 1873 enim

55 1901 266 1952 'tempore
289 1894 367 1950 fit,
388 1903 437 1937 vt
458 1895 575 1952 quod
600 1895 861 1951 plerumque
886 1902 1015 1951 turpe
1032 1895 1181 1937 haberi
1210 1895 1375 1950 soleat,
1405 1896 1530 1938 inue-

63 1961 213 2003 niatur
232 1974 319 2002 non
340 1958 425 2001 effe
445 1966 587 2016 turpe.
648 1959 793 2003 Huius
815 1968 963 2001 autem
985 1961 1166 2016 generis
1197 1959 1446 2003 officiorum
1468 1967 1526 2004 ex

64 2033 268 2081 tempore
282 2060 292 2080 ‚
321 2038 420 2068 cum
441 2026 486 2067 in
508 2025 678 2081 priuata
698 2025 790 2066 vita
817 2025 1041 2068 interdum
1064 2025 1126 2068 est
1144 2025 1244 2068 vsus
1259 2059 1271 2082 ‚
1306 2031 1355 2068 vt
1376 2025 1523 2081 dispu-

63 2097 163 2134 tant
181 2089 606 2146 iidem-philosophi:
643 2097 733 2131 tum
758 2089 900 2131 multo
923 2090 1062 2146 magis
1081 2091 1127 2133 in
1152 2090 1353 2146 publicae
1375 2092 1435 2132 rei
1449 2089 1528 2131 ad-

63 2155 392 2199 ministratione.
426 2157 536 2198 tanti
560 2154 676 2196 enim
696 2153 756 2196 est
780 2154 953 2210 publica
973 2154 1109 2211 salus,
1144 2161 1195 2198 vt
1227 2153 1527 2211 sapientiffimi

65 2221 172 2263 olim
192 2221 274 2262 viri
295 2221 441 2262 dicere
464 2211 514 2262 ac
539 2221 701 2261 docere
722 2219 851 2261 veriti
872 2233 963 2261 non
984 2218 1092 2270 fint;
1125 2233 1217 2262 non
1238 2219 1323 2262 esse
1347 2220 1527 2275 quidem

64 2285 248 2329 honesto
270 2297 475 2343 vmquam
497 2285 605 2327 vtile
628 2286 1008 2340 anteponendum:
1051 2284 1126 2326 sed
1157 2285 1285 2328 statui
1308 2285 1370 2326 ita
1390 2284 1526 2325 debe-

64 2365 139 2402 re;
185 2351 398 2408 quicquid
427 2350 554 2393 valde
576 2347 863 2393 necessarium
890 2348 944 2392 fit
967 2348 1078 2405 reip.
1097 2349 1142 2391 id
1163 2350 1259 2392 fieri
1279 2348 1526 2404 honestum,

0 2451 10 2459 i
66 2416 234 2459 etiamfi
266 2424 368 2458 ante
398 2430 490 2458 non
514 2415 750 2458 videretur.
812 2413 979 2459 Verum
999 2413 1071 2456 hic
1094 2415 1299 2457 cautione
1314 2422 1359 2455 et
1378 2420 1527 2455 atten-

64 2481 191 2524 tione
215 2493 374 2537 magna
392 2481 591 2537 politicis
611 2478 670 2522 est
693 2492 835 2535 opus:
868 2493 923 2521 ne
955 2480 1233 2535 prudentiam
1252 2473 1525 2535 περιςοιτικῆν,

66 2546 139 2589 cui
167 2546 407 2588 humanum
428 2559 568 2600 genus
592 2545 664 2588 sua
684 2544 856 2585 miseria
875 2551 921 2586 et
942 2544 1112 2586 vanitas
1133 2543 1241 2585 fecit
1264 2542 1525 2597 obnoxium,

66 2618 118 2655 vt
137 2610 255 2654 recte
279 2611 411 2653 sentit
436 2611 481 2652 B.
498 2609 772 2666 Augustinus
786 2642 797 2664 ‚
817 2608 863 2650 in
888 2608 1041 2649 dolum
1061 2608 1224 2651 malum
1246 2614 1528 2664 conuertant‚

65 2683 111 2718 et
131 2677 257 2719 illam
280 2676 590 2719 veteratoriam
623 2673 864 2727 malitiam,
899 2687 1031 2729 quam
1062 2674 1130 2716 vir
1162 2674 1357 2728 optimus
1384 2672 1527 2729 Poly·

1 2790 4 2791 ⁷
64 2741 160 2784 bius
185 2735 573 2798 κακοπραγμοσύνην
594 2748 747 2793 vocat,
770 2746 816 2781 et
839 2746 1072 2794 tantopere
1092 2738 1383 2780 abominatur.
1428 2736 1526 2778 Ho-

65 2806 207 2856 dierni
229 2806 404 2863 politici
429 2804 618 2847 secunda
638 2802 811 2858 officia,
843 2814 954 2860 quae
976 2798 1212 2861 περιςοιτικοέ
1235 2802 1384 2844 vocari
1408 2801 1526 2843 dixi-

67 2882 166 2914 mus
187 2885 213 2913 a
235 2869 443 2929 Graecis,
461 2870 693 2914 nominant
714 2867 936 2912 Rationem
947 2867 1102 2925 status
1136 2881 1212 2927 qui
1224 2874 1371 2910 autem
1393 2866 1522 2908 dolos

869 2931 911 2977 D
927 2932 953 2974 d
967 2933 993 2974 d
1027 2945 1052 2974 a
1169 2970 1174 2975 .
1331 2941 1382 2974 et
1406 2931 1524 2973 fr-au
