1676 3158
63 272 342 361 §flamarum
361 277 644 334 obseruator,
665 277 857 335 explicat
876 273 1201 337 rpoeqpemo'roec'
1211 296 1269 337 τῳ
1287 270 1419 334 τάχει
1448 292 1529 328 τις
1557 309 1565 313 ⁷

4 395 10 406 ἱ
44 341 276 407 ,μμοφὸμς
290 339 499 404 μηχανάς.
536 357 626 387 non
661 343 784 386 addit
819 341 977 386 Suidas
999 357 1161 386 nomen
1192 340 1399 386 austeris
1411 342 1527 386 vnde

63 411 323 457 Ιιιοόνεὼι
349 408 576 467 descr1pst
619 409 692 451 sed
724 408 903 466 Polybii
930 408 1008 450 illa
1037 406 1125 452 effe
1154 408 1326 466 liquido
1357 409 1527 452 constan:

63 477 220 524 nobis:
254 476 300 519 id
318 476 436 518 enim
464 476 576 517 duae
597 487 730 517 voces
750 481 945 529 arguunt
973 468 1240 533 τροσερσὶδειν
1262 481 1307 517 et
1327 487 1426 520 ςοκε
1469 473 1527 519 de

43 555 152 602 ,qua
173 536 335 586 disturi
355 541 502 584 sumus
527 539 610 582 hoc
633 539 769 591 libro
790 540 842 582 ad
856 552 944 595 cap.
958 554 1121 583 xulx.

153 605 265 653 Ibid.
300 604 389 660 ἅμα
408 607 486 659 μὲν
508 600 688 663 αἰχραέν,
709 598 798 659 ἅμα
816 604 848 646 δ’
859 601 1071 660 ἐπισφαλη
1091 604 1261 661 γίνεθση
1281 622 1355 660 την
1365 606 1531 662 πολιορ-

0 680 3 681 ’
63 670 157 719 κίειν
177 670 298 731 αὐτῷ
305 672 327 728 )
364 670 432 714 Ex
452 670 519 712 his
534 678 723 727 apparet,
741 669 928 727 Appium
939 667 1171 713 Claudium
1185 703 1198 725 ‚
1213 669 1438 727 postquam
1458 669 1526 711 se-

59 737 154 789 mel
187 737 339 780 vrbem
374 734 606 782 Mefl'anam
636 734 781 778 fuerat
811 732 1052 790 ingreffus,
1083 735 1144 777 ibi
1175 732 1446 790 remanfisse,
1477 741 1526 778 et

65 802 335 845 obsidionem
357 815 444 843 vna
463 815 562 844 cum
582 799 858 846 Mamertinis
889 800 1159 859 aliquamdiu
1181 797 1394 845 tolerafl'e.
1441 799 1525 843 ali-

61 875 133 912 ter
154 867 345 911 historici
362 867 453 910 alii.

161 931 272 976 Ibid.
308 927 355 976 τό
374 933 450 987 μὲν
468 928 626 988 πρῶτον
647 925 958 988 διεπρεσβεύετο
971 925 1070 988 πρδς
1081 929 1318 988 duom-&pse
1335 930 1409 987 β.)
1442 928 1527 974 Le-

63 997 270 1051 gationes
291 996 417 1040 simul
450 995 565 1041 misst
596 996 649 1038 ad
686 994 1072 1050 Carthaginienses
1105 1004 1152 1039 et
1178 1009 1332 1052 regem
1362 995 1528 1038 Hiero-

64 1073 188 1116 nem,
222 1062 278 1106 de
312 1061 520 1105 soluenda
550 1060 785 1104 obfidione.
848 1060 1029 1116 Legatis
1050 1075 1159 1104 vero
1192 1061 1443 1114 mandauit,
1475 1068 1528 1104 vt

64 1125 311 1170 Hieronem
330 1127 538 1184 priuatim
559 1126 878 1179 conuenirent,
900 1126 1031 1182 eique
1054 1125 1387 1181 confirmarent,
1415 1125 1529 1171 nihil

65 1191 239 1236 hostilis
260 1193 450 1251 Appium
472 1201 627 1237 contra
652 1191 789 1249 ipsum
809 1191 1033 1246 cogitare:
1070 1192 1177 1248 quin
1197 1193 1348 1250 potius
1372 1191 1528 1234 amici-

65 1258 175 1302 tiam
196 1257 315 1301 illius
335 1266 553 1314 expetere.
589 1256 674 1300 hoc
698 1255 842 1300 voluit
863 1255 1092 1299 Diodorus
1106 1290 1117 1310 ‚
1141 1259 1264 1301 cuius
1287 1257 1417 1299 verba
1436 1257 1529 1299 edi-

65 1329 112 1367 ta
137 1322 238 1367 sun't
259 1322 495 1365 admodum
518 1322 769 1378 deprauate.
832 1321 1013 1365 Plenum
1043 1322 1302 1378 prudentiae
1338 1322 1424 1366 fuit
1438 1323 1527 1366 hoc

65 1388 196 1446 Appii
219 1387 475 1431 confilium:
512 1388 587 1444 qui
611 1401 664 1429 eo
687 1384 816 1443 pa&o
837 1385 1013 1430 efficere
1033 1387 1202 1443 voluit,
1223 1401 1279 1429 ne
1300 1402 1399 1431 cum
1414 1388 1528 1433 duo-

64 1452 146 1497 bus
168 1452 293 1496 simul
316 1452 507 1495 hostibus
529 1466 601 1495 res
621 1451 736 1495 effet.
797 1451 1000 1496 Consulis
1029 1451 1298 1508 legationem
1331 1454 1530 1511 asperna-

7 1545 11 1547 —
66 1527 163 1562 tum
185 1516 268 1562 effe
290 1517 554 1573 Hieronem,
570 1517 715 1560 scribit
726 1515 980 1559 Diodorus:
1020 1519 1139 1573 quod
1162 1526 1208 1561 et
1234 1518 1407 1576 Polybii
1428 1533 1530 1561 nar-

66 1583 231 1630 rationi
262 1582 487 1639 congruit.
559 1582 692 1639 Apud
719 1582 965 1638 Zonaram,
996 1597 1052 1626 ex
1085 1581 1338 1627 auctoribus
1379 1584 1528 1629 nescio

67 1649 243 1710 quibus,
264 1648 412 1691 omnia
434 1648 563 1691 aliter
584 1656 828 1690 narrantur.

159 1713 265 1756 Ibid.
299 1733 336 1757 ε
327 1712 467 1767 σι’μως
487 1713 541 1762 εἰς
562 1710 631 1757 τόν
654 1710 790 1765 οἰγῶνα
810 1708 1150 1768 συγκαταΒοῖντος
1167 1711 1275 1773 αὐτῷ
1296 1732 1369 1772 amq
1388 1711 1531 1760 τὲτων

67 1778 332 1837 Συρακεσίων
349 1778 591 1835 βασιλέως.)
626 1777 862 1820 Historiam
890 1779 1019 1834 primi
1042 1779 1173 1822 huius
1199 1781 1416 1824 aduentus
1438 1780 1531 1825 Ro·

68 1858 299 1890 manorum
323 1844 368 1886 in
392 1842 590 1886 Siciliam
610 1838 786 1886 diuerse
820 1843 1057 1886 admodum
1081 1854 1313 1888 narratam„
1331 1846 1529 1903 inueni-o,

68 1908 185 1953 Nam
209 1918 257 1952 vt
276 1909 361 1951 alia
382 1918 570 1963 taceam,
591 1909 645 1950 de
669 1908 863 1950 Hierone
886 1909 1043 1966 triplex
1068 1909 1128 1952 est
1147 1909 1274 1954 fama.
1338 1910 1530 1963 Quidam

68 1971 276 2032 pugnasse
298 1974 423 2020 illum
448 1987 547 2018 cum
568 1974 709 2030 Appio
725 2007 736 2026 ,
770 1982 816 2016 et
849 1973 1114 2030 superiorem
1137 1990 1161 2017 e
1178 1976 1344 2034 praelio
1369 1976 1549 2020 disces--

16 2032 27 2040 ’
68 2038 186 2083 iiss'e:
223 2050 270 2082 vt
292 2038 516 2093 Philinus,
539 2052 667 2095 quem
687 2037 837 2096 paullo
859 2039 952 2095 post
975 2055 1028 2082 eo
1051 2041 1230 2084 nom-ine
1251 2034 1531 2100 reprehendit

68 2104 301 2163 Polybius.
363 2104 549 2155 Quidam
574 2102 781 2163 pugnass'e
795 2104 991 2159 quidem,
1011 2104 1084 2147 sed
1102 2105 1365 2163 infeliciter,
1385 2115 1430 2152 et
1441 2121 1532 2149 ma-

72 2184 162 2227 gna
185 2169 309 2211 clade
332 2168 415 2213 esse
437 2167 668 2212 allecium:
706 2182 817 2224 quae
849 2169 909 2211 est
934 2168 1107 2227 Polybii
1140 2171 1371 2216 sententia.
1434 2172 1531 2217 Alii

71 2235 250 2278 simulac
270 2233 364 2277 Cos.
387 2235 432 2276 in
462 2233 656 2276 Siciliam
689 2235 836 2290 copias
861 2235 1091 2280 traiecifl'et
1106 2271 1118 2292 ‚
1141 2236 1381 2298 Syracusas
1404 2237 1533 2281 aufu-

72 2299 200 2357 gisse:
237 2300 358 2357 quod
384 2301 639 2357 proditione
659 2298 1080 2355 Carthaginienssum
1110 2303 1292 2359 patuisse
1317 2303 1530 2350 Romanis

70 2365 299 2414 tranfitum
316 2365 553 2438 suspicaret
556 2379 630 2407 ur:
665 2364 799 2406 huius
825 2366 1064 2409 sententiae
1082 2369 1141 2412 est
1160 2368 1401 2414 Diodorus.
1436 2373 1536 2414 Aus-

71 2429 285 2486 περοίσαντ
289 2448 355 2485 ος,
379 2430 547 2486 inquit,
581 2427 630 2474 τέ
646 2424 783 2474 ὑπατε
803 2449 856 2479 εις
881 2428 1114 2490 Μεσσήνην,
1141 2435 1160 2479 o‘
1182 2434 1340 2493 Ἱέρων,
1362 2433 1535 2493 νομίζων

71 2493 320 2554 wydo-Savus
345 2512 419 2552 την
440 2495 667 2551 διάβασιν
645 2514 721 2540 mro
745 2512 823 2539 των
851 2497 1162 2555 Καρχηδονίων,
1195 2500 1350 2556 sepo-,stu
1372 2500 1426 2549 εἷς
1450 2504 1538 2546 Συ-

19 2576 21 2578 ’
71 2556 266 2620 panis-ae.
330 2559 517 2603 Romani
542 2561 779 2617 scriptores
802 2560 991 2617 Polybio
1026 2561 1328 2610 afl'entiuntur.
1372 2565 1534 2614 Florus

7 2681 10 2682 ⁷
72 2625 188 2668 libro
210 2642 263 2668 11.
289 2639 377 2682 cap.
401 2641 458 2667 ιι.
496 2623 667 2681 Appius
692 2624 898 2669 Claudius
909 2625 1076 2682 fretum
1094 2629 1303 2687 ingre-[sus
1326 2630 1431 2674 adeo
1452 2647 1536 2676 non

74 2691 129 2749 est
150 2692 413 2744 exterritus,
435 2692 534 2747 quin
557 2691 691 2751 ipsam
713 2691 830 2736 illam
853 2693 1014 2734 ruentis
1036 2694 1172 2752 aestus
1198 2697 1438 2740 violentiam
1450 2712 1536 2755 pro

75 2769 246 2798 munere
265 2755 610 2811 amplefi‘eretut:
634 2756 782 2815 statmz
807 2770 857 2801 ac
872 2757 962 2813 sine
988 2773 1111 2803 mora
1135 2761 1363 2805 Hieronem
1394 2762 1444 2805 S
1427 2777 1536 2819 Jra-

75 2820 276 2877 cusanam
294 2835 434 2876 regem
458 2825 516 2862 tm
519 2828 579 2863 eta
601 2823 811 2863 celeritate
837 2824 959 2877 vicit,
991 2829 1038 2866 vt
1058 2824 1141 2883 ipfi’
1160 2826 1227 2869 ille
1247 2825 1297 2885 se
1321 2830 1451 2885 prius
1470 2830 1539 2872 vi*

78 2884 186 2928 ffum
200 2922 212 2944 ‚
235 2901 362 2945 quam
381 2886 530 2944 hostem
549 2885 712 2931 videret
724 2885 980 2943 ,Γαίεπεΐωκ
1045 2890 1262 2936 Postrema
1288 2894 1418 2941 verba
1440 2909 1540 2952 per«

884 2953 924 2998 D
941 2954 966 2996 d
982 2955 1007 2996 d
1042 2969 1063 3007 ς
1390 2975 1541 3017 peram
