1676 3158
0 0 213 68 W&
392 2 421 18 ν
756 24 775 28 μ

436 141 678 190 NOTAE
718 144 795 202 m
834 125 1211 195 POLYBIVM.
1372 210 1376 220 ι
1457 136 1551 208 '8‘83

187 256 242 309 V.
266 275 328 319 57.
364 260 495 315 συνεὶς
516 261 579 310 διαὶ
600 262 673 325 τήν
696 271 738 311 ἐν
758 266 891 317 adroa-
913 263 1169 325 διατροπῆν.)
1205 267 1320 312 Orae
1340 269 1431 316 Bas.
1454 283 1548 316 ma-

90 338 156 371 nu
176 329 447 373 recentiore:
483 329 683 386 (videtur
703 332 930 390 delenday‘
953 328 1054 388 διαί.)
1088 332 1178 388 Ita,
1206 341 1316 390 puto
1332 368 1344 391 ,
1377 344 1422 380 et
1444 351 1547 380 ver-

2 449 5 456 y
27 419 30 423 -
90 390 178 436 fio:
213 394 287 450 qui
305 394 465 453 vertssh
487 397 531 438 in
552 401 684 441 contr.
707 397 945 440 voluntates
965 398 1149 453 ipsorum
1171 398 1392 454 sentirent.

0 458 5 468 .
183 456 242 503 V.
267 471 326 509 59.
359 454 444 566 5¹97
463 454 670 519 ὑπόκειταί
691 463 1007 518 παμμέγεθες.)
1049 461 1119 505 Ita
1142 473 1187 506 et
1210 462 1370 509 verfio:
1403 464 1544 524 subie-

91 519 201 565 ffum
220 529 399 566 montem
432 524 545 568 tabet
565 526 680 583 calfit.
701 526 812 570 imm.
837 535 881 570 et
907 526 1010 570 satis
1033 529 1266 570 commode
1290 529 1466 573 fortafl'e
1493 528 1545 577 ἑὲ

89 583 302 647 ὑπόκειται]
323 589 457 646 illud,
481 590 818 647 seusubieffum,
842 592 894 634 ad
917 592 1291 648 propinquitatem
1305 629 1317 650 ,
1338 608 1426 637 non
1441 595 1545 640 alti-

88 652 286 696 tudinem
311 655 467 697 referri
490 655 630 712 poffit.
694 655 796 698 Non
818 659 1143 700 contemnenda
1165 667 1307 701 tamen
1323 693 1334 715 ‚
1356 673 1468 716 quae
1487 662 1542 704 ad

88 731 189 760 oras
211 718 303 762 Bas.
330 719 609 766 coniectura:
643 721 723 777 (an
739 756 750 775 ‚
776 722 1082 780 ὑπέρκειτοᾳῖ)
1106 721 1196 771 olna
1214 738 1319 766 vero
1342 732 1543 783 tempore

89 784 234 839 prior,
257 798 311 826 an
333 785 547 842 posterior
568 786 648 828 hac
673 788 892 841 editione,
915 802 1004 829 non
1024 786 1193 844 pofl'um
1219 788 1376 832 dicere.

186 845 246 894 V.
268 853 331 894 66.
374 850 492 895 'Avn
527 853 570 895 δὲ
600 847 916 904 συνεπιςαῖμενος
953 852 1221 911 πολιορκίαν.)
1268 854 1383 896 Orae
1413 854 1539 899 Bafil.

87 909 370 969 (συνιςσῖμενος
389 915 502 972 Mss.)
538 915 669 960 Certe
706 919 926 971 συνίςααῖοᾳ
957 918 1208 976 πολιορκίαν,
1244 927 1288 961 vt
1321 919 1541 978 συνίςαεθοη

84 973 287 1035 πόλεμον,
307 976 476 1036 μάχην,
499 988 581 1025 etc.
615 981 753 1038 (quae
778 980 924 1038 paflim
949 982 1134 1038 obuia:)
1178 981 1300 1025 recto
1327 997 1451 1025 more
1474 985 1539 1027 di-

87 1051 239 1095 catur3
273 1053 319 1088 et
339 1045 440 1088 alibi
462 1046 614 1103 Polyb.
638 1047 751 1103 ipse,
773 1049 816 1089 ui
837 1046 989 1101 fallor,
1019 1047 1081 1089 ita
1104 1047 1318 1104 loquitur.
1363 1048 1543 1093 Συνεπί-

84 1113 219 1167 caasa(
240 1105 334 1155 πὸλ.
357 1111 427 1154 vel
444 1116 621 1171 πολιορκ.
647 1125 790 1170 neque
814 1110 966 1169 Polyb.
989 1112 1113 1168 alibi,
1138 1113 1253 1169 quod
1269 1112 1395 1155 sciam
1408 1129 1421 1164 ;
1456 1127 1537 1156 nec

84 1172 198 1217 alius
212 1208 224 1230 ‚
249 1174 430 1232 opinor,
452 1176 689 1233 quisquam.

180 1237 239 1284 V.
262 1245 320 1288 68.
353 1238 443 1287 ἐπεὶ
461 1239 754 1300 πρεσβεύοντες
771 1237 911 1294 ἕλξεις
931 1234 1045 1298 ἔχον
1067 1236 1254 1298 α’μΦὸτ.)
1289 1242 1448 1287 Mirum
1460 1242 1538 1287 nifi

84 1301 270 1363 leftori,
292 1307 365 1363 qui
393 1307 540 1363 paullo
563 1306 614 1350 fit
638 1307 684 1349 in
707 1307 778 1350 his
802 1307 1088 1349 exercitatior
1105 1341 1116 1360 ,
1148 1304 1315 1361 Vrl'mi,
1342 1310 1424 1351 viri
1458 1309 1538 1351 do-

86 1367 280 1426 fflffinst,
304 1370 583 1426 coniectura,
605 1370 693 1423 ἅλις
708 1406 720 1428 ,
739 1386 821 1429 pro
845 1368 1002 1425 ἕλξεις,
1025 1386 1078 1412 ex
1103 1372 1285 1426 ingenio
1307 1373 1536 1416 restituen-

82 1434 144 1477 tis
164 1435 210 1477 in
231 1447 423 1480 mentem
442 1437 612 1482 veniet:
646 1451 775 1494 quam
794 1438 927 1479 etiam
951 1437 1004 1478 ad
1026 1450 1122 1478 oras
1149 1436 1239 1478 Bas.
1266 1437 1532 1483 inuenimus.

82 1497 187 1543 Non
215 1511 362 1544 tamen
385 1517 434 1544 ea
456 1516 578 1544 mens
599 1499 656 1562 τῷ
678 1520 776 1556 ¹tmen.
797 1500 881 1562 fuit
898 1536 909 1557 ‚
932 1502 1166 1557 quicquam
1188 1504 1444 1545 mutandum
1470 1503 1536 1545 es-

83 1565 141 1608 se.
205 1565 291 1609 Sed
311 1563 356 1611 τό
379 1564 521 1620 ἕλξεις
541 1575 684 1609 tamen
709 1581 796 1624 quo
821 1567 945 1610 sensu
968 1566 1037 1608 hic
1059 1566 1360 1621 accipiendum
1393 1568 1536 1610 credi-

83 1630 198 1673 derit
213 1666 224 1687 ,
245 1647 298 1675 an
324 1646 378 1675 ex
403 1634 497 1676 eius
521 1633 663 1675 verbis
690 1641 734 1674 et
755 1631 951 1676 verfione
968 1666 978 1686 ‚
1013 1631 1126 1673 bona
1149 1630 1344 1686 alioquin
1377 1639 1421 1674 et
1442 1632 1534 1674 ele-

82 1703 238 1752 gante,
261 1699 333 1754 qui
356 1712 445 1740 non
468 1697 652 1740 Liuiano
676 1698 872 1739 sermone
893 1698 1022 1739 tritas
1062 1709 1186 1737 aures
1218 1696 1396 1751 habeat,
1430 1698 1533 1740 satis

14 1792 24 1801 -x
82 1759 352 1805 affecuturus
374 1762 446 1814 sit,
468 1763 634 1806 dubito.
670 1762 787 1819 quod
812 1776 907 1804 cum
929 1761 1031 1804 alibi
1054 1760 1255 1817 plurimis
1277 1775 1454 1818 quoque
1467 1763 1534 1804 lo-

82 1827 149 1868 cis
187 1828 349 1884 pariter
385 1828 565 1883 habeat,
599 1827 732 1871 semel
765 1827 962 1870 monitus
994 1824 1138 1868 lestor
1168 1827 1443 1881 meminerit,
1477 1840 1534 1869 ne

63 1892 200 1934 suam
225 1893 388 1935 veteris
413 1902 458 1935 et
480 1893 670 1950 purioris
687 1891 1197 1947 sermonisimperitiam‚
1219 1891 1375 1934 vitium
1395 1892 1535 1934 inter-

80 1958 340 2014 pretationis
362 1958 582 2001 immerito
607 1958 861 2013 suspicetur.
924 1956 1011 1998 Hic
1031 1956 1208 1999 interim
1233 1957 1463 1998 commode
1488 1956 1532 1998 se

81 2021 277 2067 offerunt
319 2037 421 2066 orae
462 2023 554 2065 Bas.
612 2018 767 2074 (Nota
802 2020 944 2064 durifi'.
989 2034 1158 2064 vocem.
1207 2020 1306 2062 vide
1338 2020 1533 2077 Hesych.

80 2087 210 2130 Ponit
230 2087 303 2130 hic
329 2102 407 2150 pgo
432 2087 683 2130 defensione
711 2085 891 2128 caufl'ae.
929 2085 991 2129 ita
1020 2094 1063 2129 et
1089 2083 1241 2141 regius
1277 2086 1432 2129 codex.
1476 2084 1532 2127 fic

80 2154 260 2195 omnino
282 2152 434 2196 Liuius
447 2159 589 2210 p-643·
608 2151 975 2208 propugnaculum
995 2150 1180 2208 posuit.)

179 2216 227 2262 V.
250 2230 317 2271 70.
354 2214 736 2275 προσκαλεσάμενος
758 2213 838 2274 γάρ
870 2217 924 2267 εἰς
961 2215 1135 2274 οἶκροβ.)
1181 2214 1346 2257 Annon
1383 2213 1532 2270 potius

78 2279 359 2341 προκαλεσαίμ.
384 2292 431 2325 vt
452 2285 471 2328 ὁ
492 2300 590 2336 pean.
623 2283 674 2324 ad
702 2295 802 2323 oras
827 2281 924 2325 suas
958 2278 1083 2324 Bam.
1146 2279 1245 2322 Hoc
1279 2288 1398 2320 certe
1433 2291 1534 2334 pro-

75 2349 172 2404 prie
192 2355 239 2391 et
259 2346 437 2405 vfitate,
466 2345 678 2408 lacaeffire:
721 2342 768 2390 τδ
799 2346 1050 2405 προσκαλέσ.
1082 2351 1137 2388 eo'
1166 2345 1287 2387 sensu
1320 2344 1391 2384 vix
1431 2342 1533 2384 alibi

74 2413 282 2470 reperias.

173 2478 223 2524 V.
247 2490 306 2531 7¹.
340 2478 395 2528 εἰς
417 2473 470 2522 τοὶ
487 2470 795 2534 Ῥοιβοιθαιμοῖνα
815 2471 1136 2534 τῆςἈραβιΊκςζ)
1172 2471 1223 2514 In
1258 2471 1441 2528 gratiam
1469 2472 1535 2512 le.-

76 2540 211 2585 ‹storis
229 2542 444 2585 sacrarum
466 2543 691 2586 literarum
709 2540 903 2596 studiofi,
936 2541 1062 2583 cuius
1087 2547 1130 2580 et
1150 2537 1333 2580 studium
1364 2536 1534 2578 mentio

73 2606 278 2650 Rabath-
293 2606 597 2650 ben-Ammon
622 2607 667 2649 in
691 2606 888 2648 versione
912 2602 962 2650 τὲ
983 2621 1082 2659 pean.
1114 2600 1290 2644 fortaffi:
1321 2614 1534 2657 prouoca-

74 2673 160 2727 bit,
186 2681 232 2715 vt
252 2673 512 2728 diligentius
537 2671 852 2716 aduertendum
875 2669 1022 2711 locum
1053 2675 1204 2724 putet:
1251 2667 1296 2707 in
1323 2666 1438 2719 eius,
1467 2666 1535 2708 in-

75 2751 228 2794 quam,
253 2737 282 2779 fi
303 2737 442 2791 forte,
468 2739 680 2793 gratiam,
720 2736 837 2791 quod
871 2733 1150 2790 suppeditant
1186 2731 1312 2786 super
1346 2730 1429 2772 hoc
1455 2744 1533 2771 no-

71 2803 192 2844 mine
217 2803 358 2859 (quod
383 2803 427 2844 in
454 2802 577 2845 Bafil.
604 2802 709 2843 edit.
737 2800 862 2841 aliter
884 2799 1079 2850 editum,
1119 2811 1174 2838 ex
1209 2794 1328 2838 MSS.
1352 2804 1397 2837 et
1431 2795 1533 2836 loco

75 2867 285 2910 inferiore
309 2869 367 2910 ita
388 2867 459 2911 hic
483 2867 727 2910 restitutum
752 2861 873 2921 est:)
920 2874 1022 2904 orae
1056 2860 1178 2905 ssafil.
1210 2860 1281 2901 hic
1305 2872 1534 2915 apponam.

847 2922 1011 2973 ⁷Kkk
1047 2938 1071 2967 2
1380 2922 1534 2978 (Haud
