1676 3158
48 6 54 18 ι
97 1 182 27 „2³2³
202 0 436 30 ΛΜΗ*
457 0 467 21 ¹².
485 0 491 2 ’

125 37 136 45 -r
166 27 181 44 ι,
195 27 204 38 ;
240 33 242 36 ,
271 23 362 44 3515*ae

148 77 170 100 a
198 80 226 111 ·,

282 174 284 177 ,
340 94 700 181 connum.
738 133 813 181 m
858 129 1230 181 ιὀῐΛτΒῙνΜ.Δ
1382 183 1387 185 „
1430 134 1521 193 84⁷

53 255 187 321 -ΒΙΙΙί,
203 254 333 301 cuius
355 254 487 300 fastis
507 262 609 301 ante
627 255 945 314 olympiadum
966 254 1295 299 institutionem
1320 251 1523 300 dostrina

2 379 4 382 y
34 351 43 358 f
65 328 316 378 mpetum
326 321 613 377 inniteretur,
633 321 748 365 inter
762 322 847 363 alia
866 328 1082 377 tempora,
1107 319 1264 377 quibus
1284 320 1338 362 ad
1359 319 1519 364 seriem

5 398 7 400 ’
64 393 318 444 temporum
329 386 637 443 designandam
650 386 749 429 sunt
772 385 856 443 vfi,
878 385 991 430 istud
1002 399 1093 428 non
1107 385 1518 460 praetermiserunt;
1539 437 1544 440 .

66 449 142 497 sed
161 451 356 511 populos
378 452 616 508 diligenter
636 451 974 507 recensuerunt‚
995 463 1132 507 penes
1151 463 1262 506 quos
1280 451 1519 507 imperium

65 515 196 561 maris
217 517 437 572 quondam
458 516 602 560 fuifl'et
614 552 625 572 ,
637 524 770 573 atque
789 529 944 558 omnes
960 515 1227 558 mutationes
1241 549 1253 571 ‚
1273 515 1448 574 quaein
1466 529 1519 557 ea

65 594 115 624 re
129 581 449 638 (contigerunt,
471 590 677 626 accurate
703 582 749 623 in
773 580 861 623 suis
889 578 1208 635 Chronologiis
1237 582 1518 625 adnotarunt.

31 636 38 645 ‘
59 640 249 689 'Exstant
267 646 400 690 hodie
420 647 516 690 eius
538 638 858 689 obseruationis
888 645 1004 687 clara
1024 644 1202 700 vestigia
1221 644 1277 689 in*
1291 644 1517 688 Chronico

66 709 339 754 Eusebiano:
373 713 446 755 vbi
462 711 641 755 historia
664 710 861 754 vniuersa
883 709 1057 767 imperii
1078 710 1208 752 maris
1227 709 1399 766 ab-ipso
1418 711 1517 753 eius

66 775 286 833 principio
308 777 364 819 ad
382 776 579 819 Romana
614 776 747 833 vsque
780 782 1002 832 tempora,
1030 782 1079 817 vt
1106 774 1301 831 videtur,
1329 773 1518 817 deducta

67 848 116 884 et
135 847 335 898 pertexta
352 840 520 885 fuerat:
555 841 625 884 sed
649 841 724 897 qui
747 839 1040 896 superiorIbus
1062 839 1245 883 saeculis
1272 853 1451 883 aureum
1462 839 1519 881 il-

67 904 146 948 lud
168 905 345 949 Eusebii
370 920 482 964 opus
501 907 628 949 nobis
651 905 967 961 descripserunt
980 938 993 960 ,
1013 904 1185 961 ingenti
1200 905 1334 948 etiam
1350 904 1422 947 hic
1434 917 1518 946 ne..

0 1022 3 1027 r
69 970 289 1028 gligentia
309 970 394 1029 vfi,
425 970 720 1014 obseruationi
752 969 1072 1026 pulcherrimae
1101 983 1283 1026 magnas
1312 969 1516 1013 tenebras

55 1034 327 1090 intulerunt.
390 1036 610 1088 Quoniam
645 1035 785 1091 igitur
819 1035 873 1076 ad
907 1048 1007 1077 eum
1037 1048 1199 1077 annum
1238 1033 1518 1091 deumimus,

68 1113 159 1158 quo
179 1100 388 1144 maritimi
410 1100 711 1144 Romanorum
740 1099 914 1156 imperii
943 1097 1057 1142 iasta
1082 1099 1180 1143 sunt
1212 1098 1518 1156 fundamenta,

67 1165 324 1223 multusque
346 1166 392 1209 in
413 1180 468 1209 eo
492 1166 691 1208 sermone
711 1163 774 1207 est
790 1163 1026 1222 Polybius,
1049 1178 1139 1206 non
1159 1164 1329 1221 pigebit
1345 1163 1431 1206 hoc
1448 1163 1518 1206 lo-

65 1244 150 1287 ce,
170 1243 281 1287 quae
301 1230 356 1273 de
378 1245 432 1273 eo
453 1232 568 1288 apud
590 1230 825 1273 Eusebium
856 1229 1040 1285 restant,
1069 1228 1211 1271 adhuc
1244 1228 1428 1284 vestigia
1454 1228 1521 1271 le-

69 1309 178 1353 gere
199 1309 251 1337 ac
274 1295 502 1353 persequi,
532 1303 580 1339 et
600 1296 652 1337 de
675 1309 723 1338 re
742 1294 931 1351 cognitu
955 1292 1199 1350 digniffima
1219 1290 1290 1339 663
1316 1289 1521 1352 πάρεργον

67 1360 284 1404 nonnulla
306 1361 529 1405 adnotare.
591 1359 716 1416 Ergo
740 1366 789 1403 vt
818 1374 843 1402 a
872 1358 1016 1415 capite
1045 1372 1140 1401 rem
1158 1358 1405 1413 ordiamur,
1423 1367 1519 1400 rna-

67 1425 129 1467 ris
149 1425 383 1482 imperium
404 1433 507 1467 ante
529 1423 911 1480 Carthaginienses
929 1457 941 1480 ,
962 1422 1118 1481 quibus
1139 1423 1325 1485 Romani
1345 1423 1520 1480 eripue-⁸

67 1498 194 1547 runt,
214 1490 260 1534 hi
280 1490 435 1547 populi
454 1489 667 1546 leguntur
689 1487 884 1533 tenuiffe.

161 1570 199 1599 1.
232 1554 330 1597 LY
334 1554 427 1597 DI
449 1568 634 1598 numero
654 1554 899 1598 Eusebiano
918 1552 969 1596 ab
986 1553 1207 1596 Abraham
1227 1561 1428 1597 ncccxr„
1441 1551 1518 1609 qui

69 1618 131 1663 est
148 1616 234 1665 οἷπδ
255 1616 328 1679 τ’ἧς
346 1620 629 1674 κοσμογονίας,
651 1633 926 1663 mmnccxcr.
988 1619 1138 1675 Magni
1160 1619 1396 1675 scriptores
1427 1617 1520 1674 pri-

70 1699 188 1728 mum
210 1699 266 1726 ex
289 1684 490 1728 omnibus
515 1682 698 1728 Graecis
720 1684 915 1727 Minoem
927 1681 1239 1728 Cnoffiorum
1226 1698 1273 1725 m
1296 1681 1425 1725 Creta
1448 1696 1521 1725 re-

4 1793 6 1795 ,
68 1763 199 1806 gem,
221 1750 352 1792 maris
372 1757 603 1808 potentem
624 1747 748 1791 fuisse
773 1749 975 1793 scribunt.
1037 1748 1263 1791 Diodorus
1281 1746 1520 1791 bibliothe-

69 1829 147 1859 cae
166 1815 279 1858 libro
298 1829 367 1859 1v.
404 1814 517 1859 Μίνω
533 1831 693 1872 πρωτος
703 1810 903 1871 Ἑήὶήνων
922 1830 1110 1870 ναυτικην
1130 1809 1292 1867 δύναμιν
1308 1807 1521 1865 αέιᾶλογον

69 1876 341 1939 συςησαίμενος
360 1874 769 1937 ἐθαλαττοκράτησε.
808 1877 1040 1921 confirmat
1074 1876 1264 1934 scriptor
1288 1876 1522 1920 eruditiffi-

68 1958 167 1989 mus
186 1943 402 1989 Nicolaus
427 1943 721 1986 Damascenus
737 1978 748 1998 ,
764 1943 889 1986 cuius
902 1942 1030 1985 verba
1041 1942 1140 1986 sunt
1150 1942 1264 1999 apud
1275 1941 1522 1999 Stobaeum‚

70 2012 215 2067 capite
233 2024 358 2054 XLII.
392 2006 547 2068 Κρῆτες
568 2006 715 2066 πρῶτοι
734 2003 936 2066 Ἑλῆνων
966 2002 1086 2062 νόμες
1115 2005 1222 2063 ἔχον
1251 2007 1408 2057 Μίνωος
1439 2007 1521 2051 θε-

69 2078 193 2131 μένε,
215 2068 257 2130 ’ὃς
274 2077 347 2132 χρᾷ
367 2072 523 2132 πρῶτος
544 2069 950 2131 ἐθαλασσοκρῶτησε.
1014 2071 1231 2115 Eusebius
1258 2078 1406 2115 tamen
1430 2070 1518 2114 hoc

69 2140 258 2184 refellit:
295 2139 442 2182 scribit
460 2153 512 2180 ex
535 2137 731 2181 versione
750 2137 799 2179 B.
812 2136 1081 2194 Hieronymi
1098 2149 1285 2179 numero
1306 2149 1516 2179 nchxv.

3 2230 9 2237 «Δ
68 2206 218 2251 Minos
235 2216 355 2247 mare
375 2199 551 2246 obtinuit
570 2210 611 2245 et
633 2200 886 2259 Cretensibus
906 2201 1019 2257 leges
1039 2199 1179 2256 dedit,
1206 2206 1252 2244 vt
1270 2199 1519 2243 Paraedius

0 2263 3 2272 ³
69 2275 304 2314 memorat:
336 2267 449 2326 quod
468 2268 599 2310 Plato
622 2265 785 2323 fat-'sum
803 2265 875 2324 est&
895 2267 1109 2311 conuincit.
1153 2266 1259 2323 quid
1291 2265 1376 2309 hoc
1410 2264 1517 2306 loco

5 2373 10 2380 .
28 2357 31 2362 ·
69 2335 147 2380 fibi
171 2335 269 2379 vult
292 2348 381 2376 vox
401 2333 633 2376 Paraedius
648 2366 661 2389 ‚
680 2330 946 2375 illustriffimi
963 2330 1134 2388 Iosephi
1154 2330 1365 2386 Scaligeri
1376 2329 1518 2371 anim-

70 2399 348 2444 aduerfiones
370 2399 546 2440 docent.
607 2397 828 2452 Equidem
852 2395 1132 2438 vehementer
1151 2396 1310 2450 miror,
1330 2408 1522 2450 quomo-

0 2474 15 2493 ²
71 2468 130 2510 do
150 2480 205 2508 ex
228 2464 412 2507 Platone
438 2463 512 2506 fibi
532 2461 791 2519 persuaserit
805 2495 817 2517 ,
847 2460 937 2504 siue
958 2459 1171 2503 Eusebius
1185 2494 1199 2513 ,
1230 2459 1319 2502 flue
1341 2458 1520 2501 Africa-

6 2579 18 2586 „
70 2545 179 2585 nus,
198 2529 352 2576 falsum
372 2526 482 2584 effe,
512 2527 631 2584 quod
656 2527 708 2568 de
730 2527 894 2569 Minois
921 2526 1107 2581 imperio
1137 2525 1360 2566 maritimo
1390 2531 1520 2566 vetu-

0 2607 25 2646 ‘52‘2
69 2594 233 2640 stiffimi
263 2593 496 2650 scriptores
525 2591 762 2634 memoriae
793 2590 1090 2647 prodiderant.
1147 2604 1234 2644 ego
1264 2588 1375 2631 nihil
1404 2587 1521 2645 apud

0 2647 22 2671 ἧς
70 2660 300 2706 Platonem
321 2658 500 2700 inuenio
515 2691 527 2712 ,
549 2670 626 2698 cur
646 2657 771 2698 aliter
786 2655 966 2699 credere
990 2655 1184 2696 debeam.
1220 2661 1267 2697 et
1286 2651 1440 2696 Strabo
1462 2653 1521 2694 li-

69 2724 151 2767 bro
170 2740 218 2769 X.
238 2723 522 2767 traditionem
545 2720 779 2776 vetustam,
803 2719 1024 2776 prouerbii
1046 2718 1295 2762 testimonio
1313 2752 1326 2774 ,
1349 2716 1520 2760 hoo-est

35 2816 38 2819 -
70 2787 344 2833 Graecorum
362 2787 583 2830 communi
606 2785 818 2828 consensu
834 2783 1115 2840 comprobat:
1150 2782 1304 2825 solitos
1326 2782 1524 2825 enimdi-

29 2891 33 2893 a
72 2868 175 2898 cere
196 2855 252 2898 de
278 2868 355 2912 eo,
376 2853 450 2911 qui
469 2863 563 2895 rem
586 2850 720 2907 probe
741 2849 816 2893 fibi
838 2856 988 2892 notam
1008 2848 1119 2891 scire
1143 2846 1403 2907 diiiimulat,
1425 2845 1522 2890 Sci-

1414 2913 1523 2954 licet
