1676 3158
307 166 319 206 1
351 111 702 224 (insumant.
751 127 829 199 m
865 150 1246 200 ΡοιΥΒῙνΜ.
1400 191 1401 194 ,
1442 163 1530 209 777

67 261 260 338 m.
302 274 429 319 nulla
458 275 579 319 enim
609 274 671 320 est
700 274 861 318 ciuitas
894 281 987 318 tam
1012 274 1181 320 beata
1166 288 1216 318 in
1234 271 1362 317 cuius
1382 270 1532 315 forma

66 333 224 383 umfies
246 347 396 396 partes
417 355 473 384 ex
495 355 636 398 aequo
657 340 950 415 acquiescant.
1009 338 1063 383 In
1083 340 1226 397 primo
1237 337 1416 396 Regum
1428 350 1527 395 cap.

62 399 133 448 32
150 392 371 461 legimus,
390 420 493 450 cum
516 421 573 450 ex
592 405 725 450 aula*
712 405 838 463 nnpii
849 404 991 449 Saulis
1013 406 1112 462 pius
1125 404 1272 448 Dauid
1293 402 1530 460 exsularet,

39 453 209 511 *statim
231 467 322 511 sese
341 470 411 514 illi
433 463 675 515 adiunxisse
699 471 787 514 duo
815 483 981 528 genera
1010 470 1264 525 hominum,
1295 468 1526 511 obaeratos

44 528 253 596 haume,
262 541 308 577 et
328 536 487 594 quibus
508 545 602 580 erat
622 536 768 594 aliqua
788 543 944 580 contra
970 534 1243 592 praesentem
1263 533 1421 577 statum
1451 546 1523 576 re·
1575 584 1577 586 ¹

63 608 164 641 rum
186 610 407 658 concepta
428 602 703 658 indignatio,
723 600 809 644 hoc
833 599 895 644 est
913 603 956 644 οἱ
970 600 1203 658 καχέκτοη,
1229 599 1305 656 qui
1324 597 1524 642 fimilitet

62 661 153 717 ibi,
190 662 266 707 sed
302 665 619 725 elegantiffime
658 667 865 710 dicuntur
896 680 976 712 vs:
1004 680 1061 712 ‘m
1087 664 1257 710 una-52.
1330 662 1522 708 Vertere

63 741 185 771 Lxx.
208 725 289 780 τᾶς
306 730 528 783 κατιόδυνος
545 727 696 791 ψυχή
733 731 882 788 aptius
894 740 939 775 et
958 728 1278 786 fignificantius
1297 726 1521 781 dixissent,

61 788 219 843 πάντες
239 798 279 838 οἱ
294 794 598 853 nexui-June:
633 796 732 840 sunt
752 809 864 852 quos
884 797 931 839 in
963 794 1189 838 idiotismo
1219 792 1368 841 nostro
1387 806 1525 836 voca-

62 869 185 914 mus,
202 858 264 901 tes
282 862 561 919 malcontens,
597 860 717 919 quod
751 860 878 918 saepe
907 858 1115 903 fastionis
1146 872 1311 903 nomen
1344 856 1523 902 exfistit.

62 921 284 974 Quoniam
303 925 467 983 igitur,
496 934 542 971 vt
561 925 838 979 dicebamuS‚
880 926 1003 968 nulla
1034 938 1136 968 cum
1164 925 1347 968 ciuitate
1373 923 1524 979 agitur

61 994 154 1032 tam
172 988 284 1033 bene
297 1024 312 1046 ,
333 991 383 1035 in
403 1005 487 1049 qua
509 1006 601 1034 non
620 990 703 1035 sint
723 991 852 1033 multi
876 991 1081 1048 καχέκτοη
1095 1024 1108 1046 ,
1135 996 1182 1032 et
1211 988 1363 1047 cupidi
1376 995 1522 1031 muta-

62 1052 201 1096 tionis
213 1088 227 1110 ,
246 1062 485 1114 propterea
494 1056 786 1114 philosophus
801 1055 854 1097 ad
871 1054 1216 1098 conseruandam
1228 1053 1422 1111 rempub.
1434 1052 1522 1096 hoe

61 1118 139 1161 dat
156 1129 444 1178 praeceptum
458 1123 655 1165 omnium
666 1121 854 1164 maxime
873 1119 1181 1163 necessarium:
1218 1127 1267 1163 vt
1285 1118 1408 1162 illius
1419 1122 1523 1175 par-'

60 1183 119 1226 tis
131 1198 277 1241 ,quae
295 1185 408 1230 bene
428 1186 491 1231 est
521 1187 713 1231 animata
733 1200 838 1243 erga
858 1186 1017 1230 statum
1040 1185 1338 1242 praesentem,
1366 1184 1521 1241 potior
1563 1226 1569 1233 ,

59 1247 107 1290 in
125 1249 328 1294 omnibus
347 1251 560 1295 habeatur
578 1252 720 1307 ratio,
756 1265 886 1309 quam
922 1251 1050 1293 aliter
1076 1247 1348 1293 afffflorum.
1386 1247 1519 1291 Libro

60 1326 133 1358 lv.
152 1314 463 1372 politicorum,
485 1331 579 1374 cap.
602 1332 658 1361 12.
692 1314 749 1363 δὲῐ
766 1313 948 1376 κρεῖττον
968 1310 1065 1372 e'tvoef
1081 1334 1128 1359 το
1149 1309 1376 1372 βαλόμενον
1396 1315 1520 1371 μέρος

58 1375 132 1436 ἦς
151 1375 307 1431 πόλεως
329 1379 381 1427 r?
403 1379 459 1441 μῆ
478 1383 687 1439 βελομένε
707 1382 843 1437 μένειν
862 1378 936 1440 τήν
957 1375 1177 1426 πολιτείαν.
1212 1378 1285 1421 hic
1307 1375 1356 1426 τδ
1373 1398 1430 1437 μη
1420 1375 1522 1436 βε-

59 1438 228 1498 λόμενον
246 1446 365 1506 μέρος
383 1447 507 1503 sunt,
528 1461 639 1504 quos
662 1462 686 1489 a
704 1447 818 1505 Poly
822 1446 894 1489 bio
919 1446 1114 1488 diximus
1143 1444 1355 1502 appellari
1380 1444 1518 1501 καχέ-

57 1525 173 1560 κτοις.
231 1510 407 1555 Aeneas
436 1513 484 1555 in
511 1511 829 1569 elegantissimo
860 1519 905 1554 et
931 1511 1191 1568 prudentiae
1219 1509 1354 1566 pleno
1383 1508 1515 1563 libro,

60 1574 191 1618 cuius
218 1584 323 1620 ante
351 1579 650 1634 meminimus,
672 1587 803 1621 vocat
834 1572 907 1626 τὲς
928 1573 986 1622 τοὶ
1009 1575 1171 1620 ἐναντία
1191 1571 1416 1633 φρονῖντοις
1433 1575 1521 1624 τοῖς

57 1637 207 1698 rapiet
227 1638 486 1701 πράγμασιν,
511 1652 557 1686 et
578 1640 649 1694 τὲς
680 1641 1100 1700 οἰντιπροθυμεμένες.
1147 1640 1305 1697 quibus
1326 1638 1518 1696 opponit

58 1701 129 1753 τέο
152 1705 279 1756 ἔυνες.
338 1707 462 1750 Alibi
481 1708 742 1753 Aristoteles
763 1715 1054 1765 praeceptum
1076 1705 1195 1747 idem
1217 1712 1447 1762 repetens,
1469 1703 1516 1746 id

58 1768 143 1812 effe
164 1771 274 1815 dicit
293 1772 453 1826 μέγιςον
480 1770 654 1830 ςοιχὲἱον
681 1770 838 1832 οἰρχῆς,
870 1772 1107 1813 maximum
1136 1771 1319 1812 omnium
1342 1769 1518 1811 elemen-

57 1838 148 1877 tum
160 1837 432 1895 principatus
445 1872 459 1893 ,
482 1837 593 1892 fine,
613 1846 660 1880 vt
679 1852 780 1880 cum
794 1837 956 1880 Tacito
976 1836 1117 1879 dicam
1130 1870 1142 1889 ,
1163 1847 1369 1878 arcanum
1383 1835 1516 1890 impe-

57 1900 126 1946 rii.
160 1902 286 1945 locus
308 1901 369 1946 est
387 1902 485 1944 libri
506 1916 554 1946 v.
579 1903 725 1959 capite
748 1916 895 1955 nono,
927 1908 974 1944 et
997 1901 1095 1942 libri
1127 1901 1326 1943 eiusdem
1359 1912 1454 1956 cap.
1477 1912 1514 1948 3.

58 1963 176 2010 inter
189 1965 354 2011 cauffas
368 2001 380 2023 ,
395 1981 505 2024 quae
518 1968 811 2011 mutationem
830 1966 1055 2022 rebuspub.
1069 1965 1260 2009 afferunt
1272 1999 1284 2020 ‚
1302 1964 1434 2006 huius
1447 1964 1515 2006 rei

54 2031 271 2074 incuriam
288 2032 514 2083 recenset3
548 2046 681 2089 quum
702 2028 911 2088 negltho
929 2030 1018 2073 hoc
1050 2031 1215 2076 ciuium
1247 2028 1514 2085 discrimine,

55 2095 311 2140 hominibus
326 2098 441 2140 male
462 2097 516 2140 de
532 2097 640 2154 reip.
664 2097 775 2141 statu
793 2096 1010 2153 praesenti
1030 2095 1317 2139 sentientibus
1332 2129 1344 2150 ,
1366 2094 1513 2137 hono-

55 2175 125 2204 res
149 2163 379 2220 praecipui
398 2161 563 2206 fuerint
583 2162 853 2206 demandati:
899 2175 991 2217 quo
1024 2174 1187 2221 genere
1216 2160 1388 2217 peccati
1408 2159 1513 2202 Ori-

54 2234 200 2270 tarum
218 2229 447 2272 ciuitatem
477 2229 772 2271 mutationem
806 2224 888 2267 esse
924 2224 1085 2283 passam
1112 2225 1303 2269 scribens
1337 2239 1391 2266 eo
1421 2224 1513 2270 loci

53 2291 321 2337 Aristoteles
335 2328 347 2349 ‚
370 2294 583 2350 καχέκτας
602 2293 708 2336 istos
728 2300 860 2336 vocat
881 2289 953 2341 τές
974 2288 1031 2349 μή
1052 2288 1124 2350 τῆς
1150 2285 1352 2339 πολιτείας
1371 2289 1511 2342 φίλες.

54 2356 231 2402 Aeneas
255 2357 625 2415 contraDionyfii
647 2357 922 2416 prudentiam
944 2357 1116 2410 laudat,
1136 2356 1213 2412 qui
1235 2354 1513 2396 animaduer-

54 2422 106 2466 so
131 2423 312 2467 fratrem
329 2423 589 2481 Leptinem,
612 2423 685 2480 qui
711 2421 1057 2465 dominationem
1087 2421 1207 2463 illius
1239 2433 1329 2461 non
1352 2418 1516 2475 proba-

54 2488 156 2543 bat,
190 2490 334 2544 gratia
355 2490 594 2546 plurimum
628 2488 796 2545 pollere
824 2487 940 2545 apud
969 2485 1030 2543 Sy
1036 2485 1301 2539 racusanus,
1326 2497 1404 2540 per
1427 2482 1512 2526 ho-

54 2554 177 2597 noris
196 2554 391 2613 speciem
414 2554 517 2599 vrbe
535 2567 633 2596 eum
659 2551 870 2607 extrufit,
892 2560 935 2593 et
955 2549 1265 2594 diffimulanter
1286 2548 1336 2590 ab
1357 2562 1412 2589 eo
1433 2547 1510 2591 fibi

55 2619 204 2662 cauit·
242 2620 361 2676 quod
389 2620 434 2661 in
466 2619 615 2661 multis
645 2617 830 2661 Romani
864 2617 1153 2674 imperatores
1188 2613 1360 2670 saepius
1392 2611 1512 2657 fece.

52 2691 172 2728 runt.
237 2683 468 2729 Interdum
494 2684 679 2741 καχεξία
701 2697 781 2740 pro
806 2681 980 2724 mollite
1002 2688 1046 2722 et
1064 2679 1246 2735 ignauia
1270 2678 1510 2735 accipitur·

54 2758 106 2791 vt
128 2763 230 2792 cum
248 2749 360 2792 libro
382 2762 427 2794 v.
455 2749 564 2791 dicit
596 2748 837 2806 Ροῑ)ὶ)ἰυ5,
869 2758 1028 2802 regem
1054 2744 1382 2799 Ptolemaeum,
1418 2757 1510 2800 quo

54 2814 201 2856 minus
222 2812 410 2859 vistoria
429 2829 452 2856 v
458 2822 645 2869 teretur,
676 2781 940 2870 impeditum
960 2809 1043 2852 efl'e
1075 2808 1153 2853 ὑπὸ
1178 2805 1248 2866 τῆς
1268 2804 1445 2866 συνηθεα
1464 2814 1510 2853 ἐν

53 2876 112 2941 τῷ
127 2879 207 2939 βίῳ
228 2880 434 2940 ροιθυμίας
454 2897 526 2939 ²29⁶!
547 2879 765 2937 καχεξίας.
801 2878 918 2920 idem
942 2876 1043 2918 alibi
1063 2875 1117 2917 de
1140 2873 1299 2919 Perseo
1311 2870 1511 2926 ’ἐξελύετο

860 2941 892 2985 C
907 2956 928 2985 c
944 2956 967 2985 c
1004 2954 1023 2993 5
1355 2936 1405 3002 τῇ
1425 2941 1511 2999 ψυ-
