1676 3158
123 128 159 226 'Q
222 153 303 230 ‘50
377 128 747 231 ‘connisum
790 160 868 206 IN
908 144 1290 207 POLY'BIVM.
1486 170 1577 218 μς

99 274 552 340 ὥὲιρίαϊμεθοδικῆν
570 278 800 340 Scopelus.
842 281 967 325 Idem
986 281 1250 326 censendum
1265 323 1269 336 ,
1283 281 1338 324 de
1363 281 1566 325 vniuersa

100 336 308 390 ἆὸἃτίηα
333 345 539 403 politica,
570 347 709 390 tribus
743 361 839 389 eam
871 347 1117 391 rationibus
1151 346 1268 404 poss'e
1298 348 1562 404 comparari,

87 405 297 455 l'effione
314 408 549 462 historiae,
584 427 670 470 ope
703 412 917 468 magistri,
947 421 992 455 et
1018 413 1107 456 vsu.
1161 411 1246 455 Sed
1278 413 1561 456 meminerint

96 473 271 519 {ir'ones
293 474 425 519 huius
451 476 601 531 studii,
633 477 822 535 Polybio
847 475 1027 520 auftore
1049 491 1105 520 ex
1126 477 1247 519 hisce
1271 478 1409 521 tribus
1433 491 1558 534 prae-

95 538 208 584 stare
224 539 468 593 historiam.
503 540 557 584 Id
576 543 691 585 enim
715 542 955 599 fignificat,
976 557 1109 599 quum
1131 557 1225 585 eam
1249 552 1380 585 vocat
1407 543 1561 600 οἱληθι-

94 600 278 665 νυτοίτῆν
299 602 759 666 ταιδείαν,υενῇθῐηταηι
769 608 918 663 futuri
932 607 1093 664 politici
1113 607 1416 664 institutionem.
1454 621 1560 664 qua-

94 683 146 713 re
165 675 310 714 autem
321 670 581 714 veriffimam
595 674 619 718 ’.2
655 672 759 729 quia
777 673 955 730 propria
968 672 1142 729 quidem
1164 673 1438 728 experientia
1457 672 1557 728 plu-

93 733 257 778 rimum
276 735 413 791 fallit,
435 735 689 795 Philosophi
703 752 810 780 vero
833 737 1020 795 politici,
1040 737 1113 794 qui
1126 736 1301 794 Polybii
1320 747 1465 780 aetate
1489 736 1556 778 fe-

93 812 142 844 re
163 808 288 848 erant
309 800 463 856 Stoici,
486 816 584 845 raro
604 803 772 859 aliquid
789 803 835 846 in
857 803 941 845 suis
972 802 1136 847 scholis
1159 803 1403 857 docebant,
1433 802 1554 858 quod

91 865 164 908 vbi
187 865 242 907 ad
259 866 323 908 rei
342 867 575 911 veritatem
589 874 682 910 erat
694 875 872 916 ventum
885 902 896 922 ,
909 881 999 910 non
1013 866 1117 910 effet
1140 867 1446 910 dediscendum
1471 880 1555 909 ceu

91 929 252 974 inutile
274 938 319 975 et
338 931 450 974 nulli
473 933 581 976 vsui.
614 931 897 975 Simillimum
910 932 985 987 est,
1016 934 1135 989 quod
1157 934 1210 974 de
1223 947 1440 975 armorum
1459 945 1554 974 ma-

89 994 238 1053 gistris
256 996 357 1040 suae
378 998 537 1040 aetatis
552 997 674 1040 Plato
695 998 740 1040 in
754 997 945 1043 Lachete
966 997 1192 1041 obseruat:
1227 1004 1371 1041 totam
1397 1011 1553 1040 eorum

88 1069 231 1104 artem
258 1075 412 1105 vanam
436 1060 520 1105 esse
543 1070 586 1106 et
607 1063 785 1120 prorsus
817 1062 1044 1113 inutilem3
1091 1077 1140 1104 ac
1166 1077 1221 1106 ne
1250 1058 1429 1121 μάθημα
1454 1062 1554 1118 qui-

89 1125 213 1181 dem,
235 1126 310 1169 sed
329 1127 652 1186 ματαιοτεχνιάν
664 1141 847 1174 meram:
883 1128 1010 1170 cuius
1035 1126 1296 1184 professores
1319 1137 1556 1184 propterea

89 1189 466 1237 Lacedaemonem
480 1227 492 1247 ,
514 1208 596 1240 ceu
614 1193 807 1249 lapidem
826 1192 1023 1250 Lydium
1039 1227 1049 1246 ‚
1085 1193 1254 1237 summo
1275 1192 1417 1237 studio
1437 1193 1552 1235 vita-

86 1261 212 1299 rent:
245 1257 471 1315 ἤγεμένκς,
484 1259 628 1315 inquit
648 1256 915 1302 suauiflimus
930 1257 1289 1315 Philosophorum
1307 1292 1318 1312 ,
1330 1253 1427 1314 εἶναι]
1438 1254 1554 1314 ἄβα-

86 1335 159 1366 τον
179 1318 312 1380 ἱερδν,
331 1323 404 1379 amq*
426 1323 453 1366 ε’
471 1324 512 1366 δὲ
534 1318 644 1381 ἄκρῳ
663 1320 721 1379 τῷ
742 1325 833 1367 ποδὶ
853 1318 1150 1379 ἐπιβαίνοντας.
1184 1323 1279 1365 Nec
1304 1326 1447 1366 multo
1471 1323 1552 1364 ali-

87 1392 158 1430 ter
179 1386 353 1430 dicebat
371 1386 628 1445 Xenophon
650 1387 762 1433 libro
785 1389 927 1445 primo
944 1422 956 1443 ,
982 1396 1027 1431 et
1051 1402 1165 1431 v111.
1191 1388 1395 1442 Paediae,
1418 1402 1552 1430 vena-

84 1451 258 1495 tionem
282 1451 367 1495 esse
387 1466 535 1508 rerum
565 1453 822 1501 bellicarum
850 1454 1027 1512 μελέτην
1048 1455 1120 1512 2134*
1142 1449 1311 1511 ἄσκησιν
1336 1447 1551 1511 &kades-d-

41 1558 45 1563 .
85 1533 180 1574 την,
200 1531 250 1560 ac
272 1517 510 1575 praecipue
530 1519 594 1561 rei
615 1518 828 1575 equestris
842 1553 853 1573 ,
867 1533 920 1560 eo
938 1519 1142 1561 videlicet
1160 1519 1412 1575 respiciens,
1427 1518 1549 1573 qued

83 1581 210 1638 saepe
223 1582 415 1638 magistri
436 1583 533 1626 eius
555 1584 678 1638 artis,
700 1585 854 1640 quales
869 1582 1001 1625 hodie
1014 1583 1229 1627 Italorum
1252 1584 1393 1638 mniti,
1416 1582 1549 1624 oms·

83 1644 154 1704 fis,
176 1660 288 1704 quae
302 1648 355 1689 ad
378 1661 480 1690 vera
503 1649 746 1697 certamina
771 1649 868 1699 sunt
896 1648 1153 1704 profutura,
1190 1658 1335 1692 motus
1362 1648 1548 1690 militiae

81 1711 265 1755 inutiles
287 1712 456 1755 tirones
476 1713 578 1759 suos
603 1714 816 1757 doceant:
853 1713 974 1770 quod
1007 1711 1130 1756 fuiffe
1163 1714 1294 1756 etiam
1325 1712 1546 1770 Scipionis

79 1775 283 1820 Africani
306 1777 522 1821 iudicium
543 1778 656 1821 libro
676 1793 725 1829 x,
745 1778 959 1836 Polybius
980 1777 1210 1835 fignificat.
1254 1778 1401 1821 Aliam
1424 1778 1547 1820 caus-

80 1841 170 1885 sam
191 1841 318 1885 affert
349 1842 537 1900 scriptor
566 1843 745 1900 elegans
767 1842 984 1900 Agathias
1019 1844 1237 1900 principio
1266 1843 1363 1887 libri
1395 1843 1542 1900 primi,

80 1919 159 1950 cur
185 1906 373 1964 politico
404 1907 457 1951 fit
488 1908 705 1952 censenda
739 1908 888 1958 vtilior
911 1909 1088 1958 historia
1114 1921 1244 1965 quam
1264 1908 1545 1965 philosophia

12 2003 15 2007 -
76 1972 279 2029 politica.
314 1986 410 2015 eam
430 1972 607 2018 studiofi
628 1987 682 2015 ex
707 1973 802 2029 ipso
825 1981 1005 2030 petant,
1028 1973 1059 2016 fi
1086 1973 1223 2017 lubet.
1272 1974 1438 2017 lterum
1459 1975 1544 2018 Po-

77 2036 231 2094 lybius
256 2051 356 2095 pag.
371 2053 434 2083 Ll.
468 2038 522 2090 ἐξ
543 2030 596 2082 ἆῗν
617 2035 809 2087 συνιδόντι
829 2038 1020 2096 καὶλίςην
1046 2035 1230 2084 τοαδεὶαν
1249 2038 1421 2097 ἡγητέον
1444 2035 1546 2097 πρδς

75 2098 277 2161 ἀληθινὸν
300 2102 416 2161 βίον,
445 2098 521 2162 τῆν
551 2108 600 2149 ἐκ
625 2100 696 2163 τῆς
729 2101 1012 2164 πραγματικῆς
1041 2103 1186 2163 ίςορίας
1216 2103 1545 2163 περιγιγνομένην

72 2167 298 2227 ἐμπειρίαν.

169 2231 282 2276 Ibid.
317 2227 595 2292 ἐναργεεοῖτην
617 2233 658 2276 δὲ
681 2250 753 2290 ’19‘4
770 2226 896 2289 μόνην
926 2227 1160 2280 διδάσκαλον
1179 2231 1230 2278 r}
1262 2229 1439 2290 δύνασθοᾳ
1467 2226 1542 2282 τοὶς

74 2293 148 2356 τῆς
161 2297 313 2357 Τύχης
332 2295 572 2355 μεταβολοὲς
593 2292 781 2350 γενναίως
802 2298 939 2356 φέρειν
953 2332 964 2354 ,
985 2299 1046 2354 τ.)
1081 2300 1285 2345 Tertium
1305 2312 1541 2354 argumen-

74 2370 172 2406 tum
195 2361 440 2405 afferendae
459 2358 665 2406 vtilitatis
687 2362 913 2416 historiae3
950 2364 1049 2421 quia
1063 2364 1107 2405 in
1131 2364 1318 2408 aduersis
1338 2363 1446 2404 nihil
1465 2376 1540 2402 ae-

76 2441 163 2484 que
176 2427 384 2483 iuuat‚vt
406 2427 596 2470 aliorum
618 2426 870 2483 meminisse,
886 2428 1044 2483 quibus
1066 2428 1218 2472 similis
1233 2428 1408 2471 fortuna
1432 2441 1540 2468 eue-

74 2493 156 2537 nit.
192 2506 294 2535 nam
317 2493 573 2537 huiusmodi
597 2492 798 2549 exempla
818 2492 957 2549 vnde,
990 2492 1068 2535 nifi
1097 2509 1152 2536 ex
1187 2493 1364 2535 historia
1394 2493 1461 2533 vel
1488 2497 1536 2536 ἐκ

73 2554 154 2601 τῶν
177 2554 460 2611 οἱκεσμαίτωνὶἲ
505 2556 612 2600 Res‘
629 2571 707 2614 per
743 2558 791 2601 so
815 2566 923 2599 nota
957 2567 1002 2600 et
1032 2558 1104 2600 cui
1126 2558 1297 2600 abunde
1317 2558 1448 2599 fidem
1472 2556 1538 2598 fa-

74 2622 194 2664 ciant
214 2622 491 2679 Philosophi,
514 2623 588 2678 qui
612 2624 665 2665 de
688 2622 993 2664 consolatione
1014 2623 1147 2664 libros
1164 2623 1412 2665 ediderunt.
1447 2620 1535 2663 Ge-

0 2691 10 2719 f
73 2688 191 2729 mina
209 2687 312 2730 huic
332 2687 392 2730 est
409 2687 485 2729 illa
507 2686 697 2743 vtilitas,
720 2700 848 2744 quam
869 2702 893 2728 e
915 2687 1182 2743 Tragoediis
1205 2688 1302 2744 capi
1324 2687 1534 2743 pulcher-

72 2752 199 2794 rimis
225 2752 417 2795 verfibus
442 2753 838 2797 docetTimocles:
883 2766 996 2809 quos
1028 2754 1132 2808 lege
1158 2754 1274 2810 apud
1296 2752 1533 2794 Stobaeum

73 2816 276 2860 sermone
294 2831 475 2861 cxx111.
522 2817 747 2860 Diodorus
767 2816 943 2860 Siculus
965 2817 1078 2860 libro
1110 2833 1262 2861 xvim.
1310 2818 1535 2874 postquam

76 2881 129 2922 de
162 2878 468 2925 momentanea
493 2881 700 2926 fortunae
742 2883 954 2925 varietate
993 2883 1218 2938 eleganter
1249 2881 1532 2926 difl'eruil'set:

943 2947 1019 2989 Zz
1056 2962 1075 2996 3
1480 2944 1535 2990 διδ
