1676 3158
335 111 842 206 fflffiIN
856 79 1258 199 Possssrnrvm.
1421 130 1553 212 ‘3212
1594 116 1607 126 '⁸

0 252 12 268 μ
80 269 87 281 '
106 319 110 321 ,
209 233 412 318 nstratiir.
431 270 546 316 Post
567 273 674 316 haec
695 274 751 316 de
768 273 916 331 capite
926 270 1202 330 Polybianae
1219 270 1429 318 historiae
1448 264 1545 335 agiss

54 338 184 395 hp,-
194 344 249 380 et
263 335 433 381 cauffae
453 338 749 394 explicantur,
784 353 862 382 cur
886 352 911 380 a
930 338 1046 381 bello
1067 339 1234 383 Punico
1258 339 1486 385 secundo
1471 357 1544 389 m.-

66 388 299 467 ffnperls
320 402 381 445 sui
403 405 633 446 materiam
657 402 812 446 auctor
835 403 886 447 fit
906 403 1102 447 exorsus.
1145 403 1298 449 Docet
1315 407 1540 467 deinceps,

71 466 168 521 cue?
169 465 314 518 fuerit
342 465 416 510 fibi
453 467 626 511 necefle
652 471 705 511 ad
737 469 960 512 historiam
981 467 1099 511 suam
1120 470 1311 512 duorum
1327 471 1543 517 librorum

3 585 6 587 Δ
74 539 294 593 apparatu
310 533 425 575 viam
448 532 607 576 lectori
629 536 814 578 munire
850 533 1103 578 Secundum
1123 548 1236 591 quae
1248 534 1494 580 afferuntur
1515 552 1542 581 a

72 595 266 655 Polybio
287 590 480 652 cauffae,
504 612 636 655 quare
658 599 745 641 hoc
767 613 881 655 opus
906 599 1110 642 historiae
1131 600 1394 643 vainei-salis
1416 615 1540 646 com·

69 662 335 718 ‘ponendum
365 663 627 721 susceperit,
648 675 782 721 atque
803 665 864 707 ibi
886 665 941 706 de
964 663 1158 706 vtilitate
1179 663 1387 707 historiae
1403 669 1539 712 καθα.

71 722 184 784 λαιῆς
204 725 447 779 differimr3
481 730 663 785 eiusque
683 730 946 785 praestantia
965 727 1197 784 fingularis
1219 728 1414 785 imagine
1433 733 1536 787 pul.

68 791 286 836 cherrima
300 793 528 850 ingeniose
538 794 761 851 probatur.
798 794 1019 837 Postremo
1035 794 1380 850 praeparationis
1400 795 1536 852 ipsius

69 857 341 915 principium
360 873 460 902 cum
477 872 581 902 cura
601 859 834 902 indicatur.
881 860 951 901 vbi
983 859 1120 901 etiam
1149 859 1206 900 de
1238 860 1385 915 capite
1412 859 1536 904 reste

72 921 326 979 affignando
347 923 391 965 ei
411 923 640 976 historiae,
662 938 774 982 quae
799 926 972 967 ratione
1003 922 1126 967 refta
1146 932 1193 967 et
1227 937 1329 967 cum
1363 925 1535 976 iudicio

69 987 328 1045 instituitur,
350 990 576 1046 praeclare
597 989 857 1047 disputatur.

236 1094 276 1140 1.
312 1081 541 1156 Historiae
572 1089 916 1156 πραγματικῆς·
947 1086 1160 1137 vtilitates
1188 1086 1359 1140 variae.

164 1177 201 1224 I.
222 1193 251 1223 ι.
267 1178 380 1240 slede
398 1177 473 1239 τήν
493 1175 648 1240 αἵρεσιν
666 1183 738 1239 ,(ᾳᾲ
751 1176 990 1239 ταραδοχῆν
1011 1177 1090 1224 τῶν
1112 1175 1278 1226 votitam
1291 1173 1536 1239 ὑπομνημᾶο

66 1243 187 1303 nou)
219 1240 326 1289 Non
338 1246 400 1289 est
420 1246 561 1288 otiosa
576 1261 664 1289 vox
681 1243 864 1292 τοιέτων.
900 1245 1015 1288 Nam
1037 1259 1172 1302 quum
1191 1246 1331 1290 multa
1354 1245 1437 1290 fint
1450 1259 1528 1302 ge-

66 1322 174 1354 nera
200 1309 479 1355 historiarum
491 1343 504 1367 ,
522 1312 687 1355 multae
701 1313 870 1354 formae
894 1309 1092 1354 diuersae
1106 1343 1118 1366 ,
1136 1325 1223 1354 non
1237 1324 1393 1360 ornnes
1415 1325 1534 1354 eam·

67 1376 167 1419 dem
192 1376 282 1419 vim
303 1375 484 1430 habent,
506 1390 659 1420 verum
682 1391 734 1419 ea
755 1377 932 1419 demum
952 1376 1124 1433 quaesit
1147 1372 1308 1434 τοιαύτη
1322 1376 1433 1432 ,hoc
1454 1377 1531 1435 est,

65 1439 333 1500 Polybianae
360 1441 532 1498 similis,
547 1451 591 1485 et
604 1443 658 1484 ad
677 1439 960 1502 πραγματικῆς
971 1442 1117 1499 ἱςορίοις
1136 1453 1277 1498 genus
1290 1443 1526 1498 pertineat,

65 1518 153 1563 qua
170 1507 226 1548 de
247 1516 296 1549 re
313 1521 419 1549 mox
442 1508 652 1552 dicemus,
704 1503 853 1566 αἵρεσιν
878 1518 924 1550 et
942 1502 1183 1563 παραδοχῆν
1206 1507 1354 1550 noster
1368 1538 1380 1562 ,
1408 1507 1529 1564 quod

65 1569 296 1614 Diodorus
309 1570 489 1615 Siculus
510 1572 556 1615 in
579 1569 709 1616 simili
732 1580 995 1629 argumento
1017 1568 1230 1628 οἱναὶλῃψιν
1247 1572 1405 1630 [sophae.

159 1635 268 1679 Ibid.
303 1633 380 1680 Διοὶ
404 1636 452 1682 ‘ro‘
469 1639 669 1695 μηδεμίαν
686 1638 942 1695 ἑτοιμοτέρων
953 1631 1051 1692 e'ivoq
1071 1639 1153 1686 τοῖς
1175 1632 1407 1695 α’νθραὶποις
1426 1632 1533 1695 διέρ-

64 1700 198 1747 &mm
219 1697 290 1759 τῆς
310 1698 391 1746 ’νῦν
409 1704 765 1761 προγεγενημένων
785 1702 977 1761 τροέέεων
996 1698 1231 1758 ἐπιςήμης.)
1264 1700 1373 1745 Tria
1393 1715 1528 1759 argu—

67 1775 220 1810 menta
238 1761 366 1810 affert
375 1765 615 1825 Polybius,
639 1768 692 1810 ad
716 1767 1150 1810 commendationem
1171 1766 1534 1824 historiae-‚quae

65 1831 186 1875 circa
208 1843 355 1875 rerum
384 1833 602 1888 gestarum
634 1833 932 1876 narrationem
960 1831 1172 1875 versatur.
1237 1831 1433 1876 Primum
1463 1832 1528 1877 est

64 1892 273 1957 διόρθωσις
287 1931 298 1951 ,
323 1897 441 1940 vitae
463 1899 725 1942 emendatio.
759 1898 880 1940 Haec
900 1896 1040 1954 posita
1059 1896 1119 1940 est
1130 1894 1364 1940 induabus
1381 1897 1527 1953 rebus,

64 1961 343 2005 correffione
375 1962 584 2006 vitiorum
599 1997 611 2018 ‚
663 1977 748 2020 qua
780 1963 1060 2019 publicorum
1075 1996 1087 2018 ‚
1129 1976 1213 2019 qua
1251 1963 1529 2019 priuatorum

7 2026 13 2054 '-
64 2027 442 2085 vniuscuiusque,
467 2038 513 2072 et
534 2028 721 2071 aliorum
743 2027 1047 2071 institutorum
1066 2028 1526 2084 emendatione‚quae

6 2100 18 2118 ’-
65 2091 123 2134 ad
154 2093 316 2136 melius
352 2102 397 2136 et
430 2094 707 2136 commodius
741 2093 988 2148 degendam
1028 2091 1140 2135 hanc
1172 2093 1311 2135 vitam
1339 2092 1524 2136 faciunt.

62 2157 229 2200 Prioris
242 2158 419 2214 generis
430 2158 707 2212 beneficium,
718 2158 838 2215 quod
854 2157 876 2199 s
872 2158 917 2199 ui
928 2157 1130 2201 studiofis
1141 2157 1321 2202 historia
1331 2156 1525 2211 confert,

62 2220 118 2267 T.
134 2220 290 2267 Liuius
308 2222 576 2279 fecittanti,
600 2233 650 2267 vt
671 2224 814 2266 solum
834 2222 952 2267 hunc
972 2222 1129 2266 statuat
1151 2221 1252 2265 suae
1274 2223 1523 2280 scriptionis

62 2285 272 2332 frustum.
306 2287 402 2331 Hoc
420 2288 530 2332 illud
547 2289 602 2348 est
614 2324 627 2346 ,
640 2290 782 2346 inquit
795 2320 806 2344 ,
819 2289 1046 2345 praecipue
1063 2289 1109 2330 in
1128 2289 1361 2344 cognitione
1381 2299 1528 2330 rerum

55 2351 255 2411 salubre,
286 2366 336 2396 ac
345 2353 642 2411 fragrasti-um,
673 2355 810 2396 omnis
834 2360 872 2396 te
896 2352 1076 2410 exempli
1096 2351 1341 2396 documenta
1360 2353 1402 2395 in
1427 2352 1528 2394 illu·

53 2418 139 2477 firi
151 2418 287 2476 posita
303 2424 564 2462 monumento
583 2420 765 2462 intueri:
796 2415 892 2461 inde
911 2416 1008 2474 tibi,
1038 2421 1136 2460 tuae
1165 2418 1270 2474 reip.
1291 2416 1405 2475 quod
1432 2418 1527 2459 imi·

0 2493 2 2496 ·
62 2479 153 2526 tere
175 2485 351 2540 capias:
388 2483 487 2528 inde
503 2484 683 2541 foedum
703 2486 888 2540 inceptu,
912 2482 1092 2540 foedum
1112 2484 1231 2525 exitu
1262 2481 1376 2540 quod
1405 2483 1527 2526 vites.

33 2543 36 2545 ’
63 2545 126 2592 Et
137 2549 283 2592 noster
307 2562 482 2607 quoque
511 2551 625 2593 libro
648 2550 783 2593 tertio
810 2557 1008 2591 extremo
1029 2556 1267 2605 propterea
1287 2544 1458 2602 scribit,
1476 2560 1529 2590 ea

6 2613 27 2669 2³5v
64 2626 178 2670 quae
196 2614 252 2656 de
271 2613 571 2658 Romanorum
595 2615 805 2658 institutis
828 2613 879 2656 fit
898 2623 1153 2659 narraturus
1170 2645 1182 2666 ‚
1220 2612 1421 2669 politicis
1441 2611 1528 2654 ho-

13 2669 41 2728 {g
62 2676 258 2723 minibus
280 2680 406 2723 vtilia
429 2681 601 2733 futura,
635 2682 723 2723 fiue
747 2679 811 2721 illi
846 2687 1013 2722 mutare
1041 2678 1088 2719 in
1119 2677 1276 2719 melius
1292 2679 1409 2735 reip.
1424 2674 1529 2720 suae

59 2741 254 2787 <formam
273 2745 414 2789 velint
428 2780 440 2800 ‚
466 2746 555 2790 slue
575 2758 737 2789 nouam
759 2744 995 2788 instituere.
1028 2741 1115 2789 Via
1136 2751 1287 2785 autem
1308 2752 1353 2786 et
1364 2743 1526 2785 modus

24 2824 26 2826 ·
63 2810 341 2866 percipiendi
366 2810 498 2855 huius
533 2808 702 2854 fruftus
735 2810 796 2853 est
816 2808 1019 2865 ἐπίςασις,
1051 2808 1244 2864 diligens
1274 2807 1523 2851 obseruatio

54 2873 326 2934 canistrum,
350 2885 591 2922 euantuum
614 2886 745 2934 atque
768 2875 967 2918 omnium
981 2904 993 2928 ,
1018 2887 1075 2916 ex
1098 2872 1254 2931 quibus
1287 2873 1527 2932 prudentia

947 2936 983 2982 Z
996 2949 1026 2983 2
1380 2937 1526 2998 potest
