1676 3158
267 110 680 203 ιτὸἿιΕΝι·
719 148 795 195 m
833 126 1208 208 Pomm-mm.
1403 151 1499 204 ,εις

284 278 372 328 ‚vt
393 245 469 330 qui
486 271 703 329 sapienter
735 271 1063 329 prudenterque
1091 270 1229 312 vitam
1255 265 1503 327 instituunt,

15 334 18 335 ⁷
90 305 395 401 7,ἷξυᾳιιιιιῖὶιὶιῃ
416 347 463 381 et
483 349 564 394 pro
588 337 662 380 sua
688 337 804 379 sorte
836 336 962 379 beata
993 337 1086 380 vita
1116 335 1365 390 contingat.
1424 332 1503 377 Ic-

0 397 2 406 '
66 396 70 414 ⁵
104 407 108 447 ζ
130 398 154 454 ’ᾗ
183 392 430 446 celebratur
446 401 661 446 Heracliti
681 415 792 449 vox
819 395 923 455 2130:
950 396 1159 460 ἐνθρῶπῳ
1184 395 1358 454 Baium,
1390 392 1502 456 quae

16 494 34 521 ⁷.
56 467 69 514 ζ
97 461 289 525 ‘cuique
299 467 554 510 mortalium
576 467 680 511 suos
712 480 795 524 pro
819 465 966 509 Genio
996 479 1146 509 mores
1177 463 1388 508 affirmat·
1398 462 1498 509 efl‘o.

40 526 192 576 Latini
222 531 348 588 sophi
382 532 468 574 hoc
500 533 685 575 voluere
697 545 867 588 ,quum
885 532 1118 585 dixerunt,
1152 530 1395 587 sapientem
1413 528 1502 572 fin-

42 611 151 654 gere
172 597 312 654 ipsum
337 596 561 641 fortunam
591 597 692 640 fibi:
744 604 790 639 et
820 595 1007 639 Fabrum
1039 594 1124 637 effe
1151 595 1249 637 suae
1280 608 1501 652 quemque

41 661 264 706 fortunae.
326 662 465 705 Porro
490 663 585 705 eius
608 661 864 719 prudentiae
883 671 929 705 et
953 660 1168 714 εὕβελιῖις,
1187 673 1316 716 quam
1334 660 1380 702 in
1390 659 1502 702 Hie..

41 740 154 773 rone
172 729 451 771 commendat
475 728 545 770 hic
570 727 798 784 Polybius,
822 726 963 770 multa
983 725 1109 769 fimul
1130 725 1233 768 data
1253 724 1304 766 ab
1323 739 1377 766 eo
1401 724 1502 769 sunt

42 802 304 849 argumenta
318 828 330 846 ,
352 806 486 848 quum
509 794 735 850 repudiata
755 790 967 835 societate
989 788 1423 847 Carthaginienssum,
1444 788 1502 832 ad

43 857 345 902 Romanorum
365 858 604 914 amicitiam
626 858 751 900 velut
772 857 817 899 in
837 854 1090 900 tutiffimum
1118 864 1299 912 portum
1329 862 1501 899 mature

44 922 264 980 confugit.
327 922 426 966 Illis
449 923 720 979 temporibus
736 956 747 978 ,
763 931 810 964 vt
830 921 858 964 fi
876 935 1079 978 vmquam
1100 921 1208 963 alias
1221 955 1233 974 ,
1253 919 1433 977 vigebat
1452 919 1504 963 in

43 988 215 1045 populo
233 987 361 1031 Rom.
380 990 544 1035 virtus,
569 988 805 1044 integritas
820 1021 831 1040 ,
854 995 899 1029 et
913 987 1039 1043 super
1062 988 1208 1029 omnia
1231 985 1364 1028 fides:
1386 985 1502 1042 apud

43 1051 220 1096 Poenos
242 1063 398 1097 contra
421 1054 546 1096 dolus
562 1087 574 1108 ,
595 1053 773 1109 perfidia
795 1065 839 1094 et
860 1051 1039 1095 barbara
1070 1052 1280 1107 quaedam
1310 1051 1504 1093 crudeli-

44 1123 125 1162 tas.
186 1119 319 1170 Quod
353 1119 492 1174 igitur
524 1119 616 1174 post
649 1120 786 1174 prima
817 1117 956 1161 statim
987 1117 1290 1174 experimenta
1322 1116 1503 1159 virtutis

45 1181 347 1226 Romanorum
361 1218 372 1237 ,
393 1198 471 1225 eos
492 1183 567 1225 fibi
595 1183 865 1240 praeoptarit
880 1181 1021 1224 Hiero
1041 1182 1206 1224 amicos
1219 1216 1231 1236 ,
1255 1194 1385 1238 quam
1396 1179 1504 1223 Car-

44 1247 373 1304 thaginienses,
403 1262 587 1304 quorum
607 1259 700 1291 erat
722 1260 847 1290 vetus
870 1249 915 1290 in
936 1246 1108 1303 Sicilia,
1133 1260 1178 1290 et
1197 1257 1302 1289 tunc
1326 1259 1504 1303 quoque

44 1313 354 1369 ampliffimum
367 1314 422 1355 im
430 1313 595 1370 perium
610 1329 622 1364 ;
659 1322 819 1369 quanta
830 1313 876 1355 in
890 1327 943 1354 eo
958 1310 1074 1355 facto
1096 1313 1328 1369 prudentia
1339 1346 1351 1366 ,
1365 1324 1507 1368 quan-

45 1385 92 1422 ta
109 1378 263 1423 iudicii
283 1377 539 1423 rectitudo?
576 1378 668 1420 Iam
693 1380 809 1435 quod
830 1380 1004 1432 integer
1023 1378 1193 1433 potius,
1214 1391 1344 1433 quam
1358 1375 1506 1419 νὶἇὶιιε

46 1456 203 1500 pacem
233 1442 366 1499 fecit,
401 1456 446 1486 et
478 1446 717 1497 rationem,
749 1458 877 1499 quam
923 1442 1146 1485 fortunam
1180 1443 1299 1499 sequi
1331 1442 1503 1497 maluit,

15 1523 18 1527 ·
47 1509 148 1564 quis
168 1511 348 1565 negabit
372 1510 558 1551 summae
578 1508 663 1551 efle
668 1510 975 1582 prudentiae?
1013 1509 1165 1564 quod
1154 1523 1198 1550 in
1222 1509 1313 1550 vita
1326 1505 1507 1550 difficil-

10 1594 14 1597 *
45 1572 204 1616 limum
222 1574 305 1622 est,
328 1574 456 1618 sciuit
475 1573 614 1616 Hiero
637 1574 767 1618 vinci
805 1587 888 1631 qua
912 1575 967 1616 de
988 1587 1035 1614 re
1058 1574 1278 1630 praeclare
1294 1573 1504 1630 politicus

47 1638 195 1683 noster
214 1639 549 1696 philosophatur
572 1628 682 1682 libro
696 1642 876 1694 eodem,
896 1640 942 1681 in
961 1639 1064 1680 belli
1079 1639 1212 1682 huius
1226 1638 1378 1681 Punici
1400 1638 1506 1684 fine.

47 1702 180 1747 Fides
205 1719 307 1747 vera
318 1713 372 1747 'et
396 1705 639 1747 constantia
660 1705 888 1747 eiusdem
876 1719 922 1747 111
940 1704 1237 1747 conseruanda
1258 1718 1361 1761 pop.
1373 1704 1504 1749 Rom.

47 1770 269 1812 maiestate
293 1769 459 1813 laudari
480 1770 582 1812 satis
603 1783 684 1826 pro
707 1771 867 1813 merito
899 1785 987 1813 non
1017 1779 1164 1827 queat.
1210 1783 1348 1826 quum
1377 1783 1506 1827 prae-

47 1833 195 1877 sertim
222 1849 273 1876 ea
304 1849 407 1877 mox
440 1845 486 1878 et
515 1835 724 1891 deinceps
755 1836 960 1892 persaepe
994 1835 1144 1881 secuta
1173 1834 1255 1879 fint
1285 1844 1506 1892 tempora,

48 1913 159 1957 quae
182 1900 278 1943 eius
295 1900 582 1943 constantiam
607 1902 771 1942 eximie
791 1901 1037 1957 probarent.
1100 1901 1224 1952 Quot
1250 1911 1296 1943 et
1319 1910 1506 1957 quantas

47 1964 197 2008 clades
215 1966 407 2022 populus
428 1965 553 2009 Rom.
578 1965 694 2008 bello
719 1966 883 2008 Punico
907 1966 1073 2022 primo,
1109 1978 1155 2009 et
1175 1967 1354 2009 secundi
1372 1966 1506 2010 initio

46 2028 100 2074 fit
123 2029 374 2088 perpefl'us,
401 2045 532 2073 nemo
553 2030 702 2073 nescit.
774 2030 931 2075 Solent
962 2031 1143 2074 aduersa
1172 2033 1400 2075 hominum
1422 2048 1506 2076 vo-

46 2095 262 2145 luntates,
283 2109 327 2139 et
347 2096 492 2139 abdita
514 2095 728 2139 mentium
748 2096 927 2140 nudare.
986 2096 1199 2140 Hieronis
1230 2097 1506 2155 propofitum

49 2167 95 2204 et
117 2161 403 2204 constantiam
424 2162 471 2204 in
493 2162 690 2217 suscepta
713 2160 846 2204 semel
867 2162 1060 2205 amicitia
1079 2162 1506 2219 Romanorum,non

48 2224 214 2282 Reguli
236 2222 485 2282 calamitas,
506 2241 596 2269 non
619 2226 790 2270 Claudii
814 2228 1112 2285 naufragium,
1134 2243 1223 2272 non
1238 2229 1507 2286 Thrasyme-

47 2303 159 2346 nus‚
180 2305 271 2334 non
292 2291 453 2334 Trebia
467 2327 477 2346 ,
499 2293 718 2348 postremo
740 2290 1038 2337 neCannenfis
1058 2295 1235 2352 quidem
1248 2296 1340 2338 dies
1354 2296 1507 2352 potuit

49 2355 326 2399 labefaf'tare.
364 2357 518 2400 Mans-it
551 2356 807 2399 inconcussa
836 2359 910 2402 illa
930 2359 1064 2413 fides,
1086 2362 1220 2404 etiam
1243 2371 1348 2404 tunc
1372 2374 1508 2416 quum

51 2429 98 2464 et
118 2422 165 2464 in
189 2421 319 2465 Italia
338 2430 384 2466 et
404 2431 530 2465 extra
547 2422 719 2465 Italiam
741 2437 893 2466 omnes
912 2437 1015 2482 pop.
1037 2426 1162 2469 Rom,
1180 2426 1285 2469 socii
1306 2435 1351 2469 et
1377 2426 1508 2469 amici

50 2486 107 2529 ad
124 2486 301 2529 Poenos
318 2487 543 2533 fortunam
566 2488 701 2530 secuti
718 2488 999 2533 inclinabant.
1047 2506 1103 2533 ne
1133 2492 1290 2534 domus
1325 2491 1509 2547 quidem

51 2550 263 2595 Hieronis
298 2560 392 2595 tota
435 2554 593 2609 (verba
623 2554 720 2596 sunt
750 2552 894 2610 Liuii)
922 2556 973 2597 ab
1007 2554 1258 2598 defectione
1291 2556 1508 2601 abstinuit.

11 2613 14 2616 ’
49 2629 240 2674 namque
262 2615 374 2659 Gelo
395 2619 615 2660 maximus
637 2617 779 2674 stirpis
798 2631 1024 2662 contemta
1048 2622 1170 2664 simul
1192 2621 1415 2664 seneftute
1430 2635 1509 2677 pa-

12 2680 14 2683 ’
50 2681 158 2736 tris,
190 2681 314 2724 fimul
347 2684 442 2738 post
476 2683 746 2726 Cannensem
777 2684 972 2740 cladem,
994 2685 1189 2729 Romana
1215 2687 1426 2731 societate
1454 2686 1510 2729 ad

50 2745 224 2789 Poenos
250 2747 425 2791 defecit.
490 2749 629 2790 Hiero
652 2758 796 2791 tamen
820 2750 961 2792 nihilo
984 2751 1118 2794 iecius
1139 2753 1352 2796 immotus
1371 2752 1506 2810 stetit,

51 2824 135 2854 ceu
160 2812 369 2871 Marpesia
397 2816 609 2870 quaedam
630 2825 807 2867 cautes,
832 2816 961 2872 eique
982 2817 1113 2859 etiam
1136 2829 1243 2861 tunc
1272 2818 1380 2861 fides
1398 2832 1510 2862 con-

50 2874 187 2922 stitit:
222 2892 352 2936 quam
378 2880 511 2922 etiam
547 2879 600 2920 ad
627 2888 876 2924 extremum
911 2881 1027 2924 vitae
1054 2882 1386 2929 constantiflime
1420 2882 1461 2912 s
1444 2898 1513 2925 r-

1373 2952 1509 2997 vauit.
