1676 3158
16 98 25 105 ,
62 59 67 66 ’
98 63 127 116 I·
355 75 756 144 οοΜ-ΜΕΜΤᾏ
793 86 1308 156 INPOLYBIVM
1486 107 1575 156 739
1615 111 1625 117 ²

113 212 235 265 mine
251 188 434 263 duarum
454 217 611 262 harum
629 218 870 262 insularum
888 217 1083 277 reliquas
1107 219 1240 262 maris
1262 217 1571 263 mediterranei

112 283 267 330 versus
289 283 570 326 occidentem
601 283 767 341 separat
791 284 841 326 ab
861 283 1015 326 Africa
1046 291 1093 328 et
1123 284 1328 341 Europa;
1364 285 1485 340 quod
1506 285 1572 328 di-

112 360 255 405 gnum
273 347 516 391 obser-natu.
554 343 621 391 De
645 348 799 392 Africa
816 347 1057 406 Dionysius
1091 363 1193 392 cum
1216 350 1483 406 exceptione
1500 349 1570 393 lo-

114 413 290 471 quitur:
324 413 394 465 εἰδὲ
418 408 594 471 Λιβύης,
615 410 676 459 ὅτι
695 433 751 470 μη
774 412 846 472 τῆς
865 432 966 473 προς
986 410 1210 474 Αἰγύπτῳ,
1229 414 1256 460 8'
1282 410 1486 473 vroZQaJc''
1461 433 1571 473 aem,

109 472 351 538 ἐκρᾶτησαν
385 477 454 522 Ita
478 479 726 522 scribendus
744 479 814 522 hic
826 478 1029 535 Dionysii
1048 478 1192 523 locus.
1234 492 1333 522 nam
1354 480 1439 521 hoc
1458 480 1572 537 vult,

111 543 279 599 regiam
299 542 596 587 Macedonum
617 544 758 587 nihil'
749 559 792 587 in
806 543 990 586 Africa
977 544 1087 587 iuris
1112 543 1326 599 babuisse,
1352 544 1384 588 fi
1401 544 1478 587 illa
1490 557 1571 587 ex-

112 608 275 666 cipias,
300 622 410 664 quae
426 609 643 665 Aegypto
662 609 920 652 adhaerent:
956 618 1123 665 partem
1138 609 1235 652 sane
1255 609 1461 665 exiguam
1474 609 1573 652 vni-

45 679 53 695 *
112 671 261 716 versae
282 671 472 719 Africae.
505 673 713 717 Ceterum
735 674 989 717 Alexander
1016 672 1199 731 Libyam
1233 674 1411 730 quidem
1443 674 1568 730 adiit,

109 737 187 782 sed
207 752 297 781 non
318 735 595 797 οἶμφισβητὶὅν
611 735 758 797 αὐτῆς,
788 739 897 782 ficut
920 736 1040 781 refte
1061 738 1315 802 noster‘ait:
1358 752 1449 781 non
1463 772 1474 794 ,
1498 739 1577 781 iri-f

113 815 246 860 quam
258 838 269 859 ‚
289 817 341 846 ea
358 803 460 858 fine,
478 811 524 847 vt
544 803 667 846 illam
686 803 816 846 armis
838 803 1057 860 subigeret
1070 836 1082 859 ,
1097 817 1250 846 verum
1262 812 1309 846 vt
1323 802 1446 846 Iouis
1460 803 1571 846 Am-

110 868 257 911 monis
290 870 520 913 oraculum
552 869 812 912 consuleret.
843 888 846 893 ¹
880 867 1075 911 Siciliam
1106 877 1181 912 aut
1211 867 1454 911 Sardiniam
1478 876 1571 912 non

113 933 258 990 magis
281 934 391 977 adiit
412 948 541 991 quarn
557 933 747 977 ltaliam.
791 932 953 976 Scribit
975 941 1119 976 tamen
1142 931 1368 976 Hebraeus
1393 933 1468 975 ille
1489 948 1585 992 auf

111 996 237 1054 istor,
272 999 349 1055 qui
375 1013 456 1056 pro
489 1013 596 1041 vero
628 997 818 1056 Iosepho
846 996 1090 1041 Gorionida
1111 998 1220 1042 falso
1245 1012 1295 1041 ac
1327 998 1457 1042 stulte
1480 998 1571 1041 sese

117 1064 340 1116 venditat3
400 1064 703 1107 Alexandrum
734 1063 811 1106 sub
854 1063 982 1106 initia
1021 1063 1322 1120 expeditionis
1353 1063 1572 1107 Asiaticae

113 1127 290 1172 classem
311 1127 581 1185 comparasse
603 1136 647 1170 et
671 1129 716 1170 in
733 1128 926 1172 Siciliam
950 1127 1137 1185 veniffe,
1180 1129 1284 1170 inde
1310 1129 1355 1170 in
1383 1127 1573 1186 Italiam,

113 1200 160 1236 et
182 1207 237 1235 ex
262 1209 313 1236 ea
333 1193 531 1237 Africam
559 1192 742 1250 petiiss‘e.
804 1192 890 1237 Sed
914 1193 1051 1236 velim
1074 1194 1212 1236 sciant
1235 1206 1386 1236 omnes
1407 1194 1573 1238 verita·-

110 1258 172 1302 tis
196 1258 427 1302 historicae
445 1257 643 1313 studiosi,
665 1272 967 1316 quaecumque
980 1255 1264 1315 ὑποβολιμεὶἷος
1283 1258 1360 1301 ille
1384 1258 1573 1315 scriptor

112 1325 169 1366 de
192 1324 320 1368 rebus
339 1323 584 1368 Alexandri
607 1323 682 1366 lib.
705 1339 762 1367 11.
784 1332 957 1380 narrat,
1010 1337 1060 1365 ea
1084 1322 1166 1366 ess'e
1200 1324 1346 1366 omnia
1374 1337 1486 1380 pene
1515 1324 1573 1366 ad

113 1389 294 1432 verbum
315 1390 532 1446 descripta
553 1396 599 1431 et
626 1389 673 1430 in
693 1388 943 1431 Hebraeum
976 1388 1221 1432 sermonem
1258 1388 1402 1442 versa,
1434 1402 1525 1432 non
1545 1400 1572 1431 e

111 1455 309 1512 probatis
333 1452 585 1497 auctoribus
599 1488 611 1511 ‚
630 1454 705 1510 qui
725 1468 794 1496 res
816 1455 1057 1497 Alexandri
1076 1462 1122 1497 et
1147 1453 1339 1510 Philippi
1355 1468 1460 1496 vera
1473 1467 1573 1496 nar-

112 1519 284 1562 ratione
307 1520 628 1576 exposuerunt3
662 1518 735 1561 sed
760 1533 784 1560 e
806 1517 922 1562 fietis
951 1518 1135 1573 fabulis,
1169 1520 1327 1575 quibus
1351 1518 1455 1561 fidei
1478 1532 1571 1562 non

114 1586 303 1641 amplius
326 1586 532 1639 debetur,
567 1597 699 1640 quam
732 1583 875 1626 Plauti
907 1584 1165 1627 Terentiiue
1195 1584 1464 1639 comoediis,
1496 1591 1572 1626 aut

112 1649 376 1704 Heliadum
404 1650 473 1692 vel
496 1647 642 1705 Longi
673 1657 718 1692 et
746 1648 948 1692 similium
982 1649 1246 1705 scriptorum
1280 1649 1425 1704 palam
1451 1647 1570 1690 fietis

112 1715 448 1759 narrationibus.
501 1712 882 1757 Circumferuntur
918 1715 1032 1772 apud
1067 1712 1264 1756 Graecos
1297 1713 1430 1755 hodie
1465 1712 1574 1755 varii

114 1781 357 1824 otiosorum
379 1779 609 1822 hominum
632 1790 809 1835 partus,
843 1793 1031 1836 quorum
1063 1779 1187 1822 tituli
1211 1779 1346 1821 vitam
1376 1778 1575 1821 Alexan-

113 1846 182 1888 dri
202 1847 473 1904 pollicentur
488 1875 500 1898 ,
535 1857 670 1901 quum
691 1858 740 1886 re
765 1858 867 1887 vera
890 1844 973 1887 sint
996 1857 1116 1886 mera
1137 1843 1377 1900 figmenta,
1412 1851 1456 1886 et
1478 1843 1575 1900 pla*

113 1925 171 1954 ne
195 1910 395 1968 geminae
418 1910 679 1966 scriptiones
702 1909 805 1965 illis,
828 1923 935 1965 quas
961 1909 1113 1965 lingua
1133 1910 1367 1952 vernacula
1380 1907 1574 1965 appellat

112 1972 411 2028 Romanenses
425 2009 436 2027 ‚
456 1974 545 2018 fine
563 1972 802 2016 Romanos.
837 1973 1004 2018 Extant
1022 1975 1068 2016 in
1093 1972 1434 2017 Christianiflimi
1454 1973 1573 2029 regis

111 2041 381 2085 bibliotheca
407 2041 495 2083 duo
525 2039 622 2082 eius
655 2038 820 2082 farinae
851 2038 975 2096 libri,
1007 2051 1269 2094 argumento
1291 2038 1470 2096 prorsus
1496 2052 1574 2081 eo-

114 2107 214 2150 dem
230 2141 241 2162 ,
264 2107 341 2150 etfi
362 2106 459 2149 stilo
475 2113 518 2147 et
536 2103 857 2161 compositione
881 2118 930 2145 ac
955 2104 1149 2161 partibus
1162 2104 1364 2147 nonnihil
1375 2104 1575 2159 aliquan·-

110 2173 173 2215 do
195 2171 374 2216 diuersi:
410 2170 569 2220 horum
594 2170 704 2212 alter
726 2166 1002 2212 Callisthenis
1024 2182 1182 2212 nomen
1197 2168 1575 2226 praefert‚quam-

114 2251 244 2295 quam
265 2236 420 2282 titulus
443 2235 583 2291 magis
606 2233 827 2276 historiam
850 2248 875 2276 e
897 2232 1172 2276 Callisthenis
1196 2234 1441 2277 Hellenicis
1464 2233 1575 2274 hau-

112 2303 220 2347 stam
241 2301 458 2359 fignificat
473 2333 485 2356 ‚
508 2314 635 2357 quam
655 2298 754 2340 libri
775 2296 999 2342 austorem
1012 2297 1097 2340 esse
1111 2297 1431 2342 Callisthenem
1473 2311 1575 2339 nam

111 2366 349 2445 ἐπιγραφῆς
368 2366 498 2408 verba
524 2366 621 2407 sunt
640 2363 771 2420 haec,
795 2364 1034 2408 Καλιοθένκ
1018 2383 1057 2446 ἐς
1076 2361 1349 2423 ιςοριογροίφος
1371 2365 1390 2407 ό
1412 2379 1467 2406 τοι
1459 2359 1575 2421 περὶ

113 2450 194 2479 των
223 2427 429 2487 ‘Earum
458 2426 827 2488 συγγραψάμενος,
867 2421 961 2479 ἔτος
992 2421 1150 2485 (Kx-wc)
1181 2426 1296 2487 ἰςόρει
1323 2422 1575 2482 Ἀλεξάνδρα

109 2493 300 2557 προέξεις.
314 2496 451 2540 Stilus
463 2503 686 2538 recentem
699 2491 781 2535 esle
794 2492 1016 2537 auctorem
1030 2495 1191 2550 arguit,
1204 2488 1575 2534 veriHellenismi

113 2563 349 2606 admodum
370 2562 521 2604 rudem
546 2568 592 2603 et
614 2559 973 2602 semibarbarum:
1017 2571 1162 2602 rerum
1192 2558 1386 2600 narratio
1421 2557 1575 2598 miram

112 2628 309 2672 hominis
332 2627 481 2684 prodit
503 2624 771 2681 imperitiam
789 2624 930 2667 totius
962 2623 1166 2665 historiae
1199 2632 1245 2667 et
1275 2622 1424 2665 omnis
1457 2621 1574 2664 anti*

114 2694 324 2751 quitatis3
344 2688 664 2751 οἶγεωγραφησία
686 2700 790 2732 vero
824 2689 954 2745 plane
986 2688 1210 2744 stupenda.
1259 2687 1391 2729 Hunc
1424 2695 1575 2729 tamen

114 2760 223 2802 adeo
235 2758 465 2801 absurdum
484 2755 729 2798 fabularum
748 2755 1110 2796 concinnatorem
1125 2784 1136 2807 ‚
1152 2752 1483 2809 pseudonymus
1498 2751 1574 2793 ille

111 2822 330 2882 Iosephus
347 2822 600 2877 Hebraeus,
625 2833 706 2876 pro
732 2832 836 2863 vero
857 2817 1122 2861 Callisthene
1143 2817 1306 2862 habuit
1350 2816 1469 2860 hunc
1503 2817 1574 2859 so-

917 2883 956 2926 A
974 2896 995 2924 a
1009 2896 1032 2924 a
1068 2895 1092 2923 a
1480 2878 1575 2924 lum
