1676 3158
329 122 681 180 eoMME‘NT.
721 130 794 177 IN
836 128 1215 177 POLYBIVM.
1412 127 1500 185 ⁴:83

137 254 245 300 Ibid.
278 249 343 300 διαὶ
362 250 440 304 τοῖς
460 251 530 299 νῦν
548 247 742 313 ῥηθείσας
771 251 942 310 αἰτίας.)
975 253 1029 296 In
1062 224 1214 296 nostra'
1235 249 1502 308 interpreta-

46 320 170 364 tione
200 318 297 378 post
330 331 488 364 vocem
520 317 639 377 casu,
676 318 952 363 inserendum
981 319 1064 374 est,
1105 315 1155 360 ob
1187 313 1350 374 cauffas
1377 312 1503 357 modo

46 390 318 430 memoratas.
380 385 574 430 Petimus
598 398 704 428 vero
729 383 781 426 ab
804 385 954 442 aequis
976 382 1322 437 le&orib11s‚vt
1345 379 1502 424 huius-

46 451 167 494 'modi
190 448 538 505 omifliunculas,
553 456 598 492 et
611 449 822 507 quicquid
845 449 961 491 aliud
983 450 1080 504 erit,
1093 449 1138 491 in
1159 462 1247 504 quo
1268 459 1420 503 parum
1438 444 1503 487 vi-

47 516 248 559 ‘debimur
268 513 449 570 cauiffe,
485 514 529 556 id
552 529 681 557 omne
706 514 1096 571 occupationibus,
1130 513 1248 556 curis
1282 519 1328 554 et
1360 509 1503 553 mole·

46 580 140 624 stiis
162 579 322 624 nostris
344 581 624 633 condonent,
649 588 694 622 et
718 578 862 622 nostra
878 593 903 621 a
925 579 1051 622 nobis
1064 576 1182 634 posse
1201 583 1382 634 peccata
1402 586 1504 617 cor-

46 646 157 702 rigi,
185 659 242 688 ne
272 645 526 702 desperent:
571 644 602 687 fi
629 644 761 686 modo
791 645 844 686 ad
875 642 1224 688 concinnandam
1258 640 1504 683 editionem

47 710 229 754 alteram
269 724 420 754 onvs
465 723 938 754 0PT1M.MAX1M.
979 710 1115 753 vitam
1154 716 1199 749 et
1229 707 1372 749 otium
1401 704 1512 762 sup-·

43 775 325 833 peditauerit.

141 839 248 884 Ibid.
285 858 318 886 οι
314 841 380 885 ’δὲ
400 836 501 900 πρδς
522 835 715 894 Ῥωμαιες
734 841 1014 912 ἐπρέσβευον,
1032 832 1309 896 παραδιδόντες
1330 831 1407 894 τήν
1427 829 1507 879 ἠ’-

47 905 150 963 λιν.)
185 905 289 948 Non
323 898 425 950 satis
454 904 722 965 explicatur,
768 917 858 960 quo
886 904 1034 947 animo
1069 900 1316 954 Mamertini
1351 900 1504 943 vrbem

49 970 167 1013 suam
191 970 405 1014 Romanis
426 983 504 1027 per
525 969 698 1025 legatos
731 967 954 1011 offerrent.
1001 982 1102 1012 nam
1131 967 1306 1010 verbum
1339 964 1508 1025 παραδι-

49 1030 190 1082 δόντες
210 1035 355 1093 potest
375 1034 516 1091 accipi
536 1035 590 1076 de
610 1033 847 1077 traditione
870 1034 923 1076 ad
950 1033 1320 1082 conseruandum3
1367 1041 1507 1087 quan-

50 1100 108 1142 do
131 1099 391 1158 praesidium
413 1114 463 1142 ea
484 1099 740 1142 conditione
767 1099 1037 1152 admittitur,
1069 1106 1115 1140 vt
1137 1097 1307 1141 euitato
1327 1094 1506 1152 pericu-

52 1164 98 1207 lo
120 1165 171 1209 fit
204 1166 269 1208 illi
301 1166 576 1221 exeundum,
608 1163 703 1205 iure
742 1163 937 1207 ciuitatis
968 1163 1077 1205 nihil
1108 1164 1364 1205 immutato:
1417 1172 1506 1217 quo

51 1230 202 1273 animo
224 1230 266 1273 se
284 1230 541 1274 auxiliatum
566 1226 727 1272 venisse
751 1227 1103 1272 Meffanienfibus
1125 1225 1400 1270 Mamertinis
1410 1225 1508 1281 Ap-

54 1294 154 1351 pius
176 1293 385 1338 Claudius
412 1295 527 1352 apud
548 1293 765 1337 Zonaram
786 1294 887 1351 ipfis
908 1294 1156 1336 confirmat.
1204 1284 1348 1349 potest
1374 1291 1508 1332 etiam

53 1360 108 1404 de
129 1360 356 1403 deditione
388 1360 608 1416 intelligi,
634 1373 712 1416 per
745 1373 874 1416 quam
898 1361 999 1402 vrbs
1028 1358 1156 1401 fieret
1182 1357 1508 1400 Romanorum:

53 1427 172 1482 quod
199 1434 245 1468 vt
268 1424 462 1468 facerent
479 1424 546 1468 isti
569 1423 804 1481 Campani,
838 1424 1144 1467 recordatione
1165 1423 1326 1466 veteris
1356 1434 1509 1475 exem-

52 1490 115 1547 pli
135 1491 181 1533 in
208 1491 278 1533 sua
305 1500 438 1546 gente
468 1490 575 1533 editi
603 1504 627 1532 a
659 1489 873 1532 Romanis
903 1498 1112 1546 poterant
1148 1489 1331 1530 moueri.
1394 1485 1509 1528 Nam

53 1568 189 1611 quum
212 1554 329 1598 bello
352 1554 594 1598 Samnitico
620 1563 923 1612 premerentur
945 1552 1179 1611 Campani,
1203 1561 1250 1596 et
1279 1552 1507 1594 Romanos

55 1634 188 1678 opem
229 1619 547 1677 poposciffent,
596 1621 708 1663 nihil
737 1621 787 1662 ab
823 1620 889 1662 eis
923 1623 1070 1677 potuit
1097 1618 1323 1677 impetrari
1361 1618 1510 1676 prius·

57 1700 188 1743 quam
221 1685 265 1727 se
297 1694 342 1728 et
374 1686 521 1728 omnia
543 1685 612 1728 sua
634 1686 800 1742 populo
823 1684 1024 1728 Romano
1047 1683 1316 1727 dedidissent.
1380 1681 1511 1725 Caus-

58 1751 146 1794 sam
187 1750 395 1807 denegati
436 1758 543 1795 tunc
582 1751 735 1795 auxilii
783 1751 932 1807 prodit
970 1751 1118 1793 Liuius
1141 1785 1153 1806 ,
1205 1749 1306 1806 quia
1345 1747 1512 1791 Roma-

56 1817 125 1860 nis
154 1816 313 1859 foedus
350 1823 445 1858 erat
483 1816 706 1872 antiquius
739 1829 837 1857 cum
879 1815 1172 1859 Samnitibus:
1242 1827 1351 1871 quae
1394 1813 1510 1858 ratio

55 1880 130 1933 hic
161 1895 337 1939 quoque
365 1882 511 1923 locum
551 1880 713 1925 habuit.
757 1895 856 1923 nam
879 1881 1289 1936 Carthaginienses,
1310 1878 1514 1922 aduersus¹

29 1976 33 1980 ι
57 1959 168 2003 quos
191 1946 403 1989 auxilium
433 1939 650 1989 aduncant
677 1945 950 2002 Mamertini,
968 1948 1017 1988 ab
1050 1949 1217 2003 aliquot
1247 1946 1332 1987 iarn
1355 1945 1510 1987 seculis

55 2011 237 2055 foedere
255 2009 392 2054 iuneti
414 2025 514 2053 cum
534 2010 744 2054 Romanis
768 2020 915 2053 erant:
953 2013 1069 2068 quod
1088 2012 1117 2055 fi
1142 2011 1339 2054 zonarae
1370 2010 1511 2053 credi-

58 2090 178 2133 mus,
199 2079 328 2120 etiam
357 2076 569 2132 Hieroni,
597 2078 669 2133 qui
703 2085 797 2119 erat
826 2077 936 2120 alter
965 2077 1324 2132 Mamertinorum
1358 2075 1508 2129 hostis,

56 2142 214 2187 foedus
228 2156 330 2188 cum
341 2142 554 2185 Romanis
569 2141 878 2185 intercedebat.
901 2141 1049 2186 Obstat
1064 2143 1163 2185 huic
1176 2141 1511 2198 interpretatio-

58 2209 120 2264 ni,
132 2208 249 2266 quod
262 2206 410 2265 paffim
423 2208 626 2250 dicuntur
636 2206 823 2249 Romani
834 2206 1067 2250 Mess'anam
1082 2205 1315 2251 desendiffe
1330 2242 1340 2261 ,
1358 2213 1403 2248 vt
1416 2204 1512 2247 foe-

59 2274 255 2317 deratam
275 2273 525 2330 ciuitatem,
547 2287 635 2315 non
657 2279 702 2315 vt
725 2271 864 2323 suam3
898 2280 942 2315 et
960 2273 1246 2317 Mamertinos
1278 2282 1326 2315 vt
1358 2270 1514 2326 socios,

58 2352 150 2382 non
187 2346 237 2382 vt
265 2338 475 2381 subditos.
539 2337 696 2380 Florus
730 2337 843 2380 libro
873 2353 934 2396 11.v
962 2339 1016 2381 de
1047 2339 1151 2381 belli
1183 2338 1309 2394 primi
1360 2335 1510 2377 Punici

59 2402 212 2447 caustis
232 2403 442 2461 loquens;
477 2402 566 2446 Sed
581 2416 664 2444 ecce
691 2402 804 2445 vltro
832 2404 946 2446 viam
973 2403 1256 2460 pandentibus
1275 2402 1412 2459 fatis,
1442 2412 1513 2442 nec

59 2469 208 2527 occaso
226 2466 381 2526 defuit:
416 2482 507 2510 cum
529 2467 580 2511 de
608 2467 848 2510 Poenorum
879 2470 1121 2525 impotentza
1143 2466 1373 2526 foederata
1406 2465 1515 2507 Sici-

57 2534 140 2576 liae
162 2534 313 2577 ciuitas
334 2547 473 2593 quere»
477 2540 594 2576 etur
656 2533 789 2589 Apud
809 2533 980 2576 Liuium
1002 2535 1116 2576 libro
1140 2529 1516 2587 xxx.Smp10ad

60 2597 351 2642 Hannibalem
370 2599 431 2641 ita
449 2599 665 2656 loquitur:
700 2598 844 2657 Neque
862 2599 1022 2642 Patres
1041 2599 1168 2657 uostr‘
1154 2612 1167 2639 ι
1185 2599 1355 2653 priores
1373 2595 1422 2637 de
1443 2591 1515 2638 Si-

59 2663 157 2706 cilia
171 2677 332 2721 ,neque
350 2678 427 2706 nos
447 2662 499 2705 de
518 2663 915 2721 Hispaniafecimus
934 2665 1110 2707 bellum.-
1144 2669 1182 2705 et
1204 2669 1300 2705 tunc
1323 2661 1514 2703 Mamer-

59 2730 243 2772 tinorum
254 2728 467 2786 sociorum
484 2727 739 2787 periculum,
760 2735 800 2772 et
817 2744 924 2773 nunc
945 2729 1132 2786 Sagunti
1155 2727 1364 2783 excidium
1395 2724 1516 2770 nobis

53 2795 130 2850 pia
148 2807 198 2838 ac
214 2794 319 2852 iusta
338 2793 566 2838 induerunt
582 2806 637 2837 m
637 2805 720 2842 ma

1407 2932 1512 2978 Ibid.
