1742 3230
363 134 387 155 χ
526 139 1154 193 PRAEFATIO.
1442 155 1578 190 xxxx

83 269 325 355 fiendam
355 267 492 329 illam
525 267 832 331 breuitatem
868 267 1158 344 elegantem
1201 281 1256 325 et
1290 265 1576 344 politicam,

14 407 17 411 ,
98 347 213 418 'non
230 347 643 412 adolescentibus
665 351 981 422 destinatam,
998 351 1086 408 sed
1099 353 1235 408 viris.
1273 352 1453 427 Atque
1465 348 1576 407 hoc

0 429 25 507 3
58 468 63 473 -
100 437 319 493 nomine
340 430 559 490 arbitror
579 451 688 490 non
714 431 883 489 modo
904 430 1169 490 ferendam
1190 430 1286 489 csse
1300 430 1437 488 illam
1448 449 1579 487 enu-

10 510 15 512 ’
97 514 414 575 electionem
436 532 611 570 rerum
631 511 1114 583 etinculcationem,
1139 532 1262 569 cum
1283 511 1413 570 locis
1424 531 1575 570 com-

5 654 12 662 ,
95 594 364 667 munibuS,
375 599 535 653 etiam
554 593 713 669 vulgo
726 597 863 651 notis
875 634 893 661 ,
914 593 1075 671 qualis
1087 595 1159 651 est
1169 596 1243 665 is,
1264 597 1354 671 qui
1374 593 1441 650 de
1454 611 1576 653 cau-

0 694 12 739 i
96 675 167 740 fis,
194 675 455 734 bellorum
480 677 614 735 veris
645 690 698 734 et
732 674 933 733 iacstatis
969 674 1066 732 late
1097 673 1409 751 explicatur,
1437 693 1495 748 3,
1519 675 1574 732 6⁶

0 785 6 835 ἱ
96 757 392 836 praesertim
415 760 467 815 in
492 758 641 828 sene,
678 773 732 814 et
763 757 957 813 docere
992 760 1208 813 iuuenes
1244 754 1448 813 nobiles
1483 755 1576 812 ad·

0 840 2 843 ’
93 838 276 909 lueto,
303 841 359 895 in
383 857 482 916 qua
507 853 672 896 aetate
693 853 847 914 atque
872 841 1005 894 vitae
1027 842 1224 895 ratione
1245 836 1479 912 procliue
1503 836 1576 894 est

0 956 2 961 ·
92 921 371 994 ingenium
392 921 680 979 humanum
701 920 764 976 ad
789 917 942 977 locos
968 938 1280 975 communes
1309 933 1362 975 et
1394 918 1460 974 ad
1495 916 1575 985 lo-

94 1003 438 1079 quacitatem3
477 1000 566 1057 sed
591 1003 748 1058 etiam
775 998 1185 1075 amplecffendam
1219 996 1497 1056 iuuenibus
1521 1013 1575 1055 et

95 1082 340 1146 ,nondum
361 1085 681 1154 exercitatis,
694 1096 766 1151 vt,
793 1101 915 1139 cum
936 1100 992 1138 ea
1018 1084 1403 1156 praeparatione
1424 1077 1495 1136 vfi
1506 1079 1576 1138 ad

93 1176 397 1229 ceterorum
417 1160 698 1221 lediionem
718 1162 1038 1231 accesserint,
1058 1160 1257 1218 facilius
1276 1161 1464 1237 poffint
1484 1180 1576 1218 cu-

97 1247 286 1321 iusque
307 1243 375 1300 de
395 1242 548 1302 rebus
571 1245 723 1318 gestis
747 1247 801 1300 in
831 1259 1099 1320 Vtramque
1122 1257 1348 1318 partem,
1371 1243 1438 1298 de
1452 1260 1575 1298 cau-

96 1322 162 1383 fis
185 1343 387 1396 rerum,
422 1343 484 1382 ac
506 1325 640 1393 fide,
671 1326 849 1382 iudicii
871 1328 975 1379 vim
1000 1339 1052 1380 et
1074 1324 1245 1379 causas
1268 1324 1573 1399 perspicere,

96 1420 253 1484 atque
271 1408 340 1463 ita
363 1425 546 1462 verum
572 1406 812 1462 historiae
836 1407 1178 1479 pragmaticae
1196 1401 1428 1461 frud'ium
1454 1423 1574 1479 per-

96 1490 288 1561 cipere.
327 1483 570 1542 Profecto
583 1484 738 1559 longe
760 1484 905 1542 aliter
917 1500 971 1541 et
992 1483 1107 1543 illos
1128 1487 1383 1560 principes
1401 1487 1576 1561 iisque

20 1602 29 1615 ι
97 1564 283 1626 similes
300 1565 573 1633 historicos
583 1610 603 1636 ,
624 1583 677 1623 et
700 1580 904 1623 ceteros
918 1585 1260 1643 quoscunque
1271 1564 1463 1640 legent,
1480 1569 1575 1643 qui

97 1645 373 1719 Polybiana
389 1645 646 1721 disciplina
661 1645 851 1703 subusti
865 1662 918 1703 et
931 1644 1247 1704 conformati
1258 1646 1393 1718 sunt,
1413 1666 1574 1722 quam

99 1731 196 1805 qui-
218 1725 283 1785 ab
302 1745 364 1784 ea
388 1726 544 1785 rud'es
565 1727 631 1783 ad
643 1745 737 1785 eos
748 1726 998 1800 legendos
1017 1727 1069 1784 se
1091 1726 1343 1784 dederint.
1383 1727 1485 1783 Sed
1500 1727 1574 1785 est

98 1809 186 1866 hic
206 1806 573 1885 plerorumque
593 1827 765 1878 error,
789 1823 845 1864 vt
870 1807 996 1864 nihil
1020 1822 1205 1883 putent
1227 1808 1326 1864 effe
1350 1805 1573 1879 facilius,

98 1907 256 1967 quam
279 1887 563 1963 intelligere
594 1892 910 1946 narrationes
930 1909 1103 1946 rerum
1128 1889 1406 1962 gestarum,
1441 1889 1573 1966 quid

98 1972 155 2027 in
175 1971 239 2028 iis
262 1989 444 2027 verum
464 1968 711 2028 falsumne
736 1968 809 2039 fit,
835 1990 900 2028 ex
917 1970 1018 2045 ipsa
1039 1989 1213 2028 rerum
1234 1986 1411 2027 natura
1435 1970 1573 2027 iudi-

97 2068 252 2122 care,
311 2050 437 2128 quid
469 2049 608 2108 reste
628 2052 876 2127 secusque
899 2051 1074 2108 astum
1098 2050 1172 2122 fit,
1194 2053 1400 2123 videre,
1424 2052 1573 2108 deni·

12 2198 15 2201 Δ
100 2151 203 2210 que
217 2135 400 2199 etiam,
420 2150 552 2210 quae
575 2134 710 2205 gesta
734 2134 863 2201 sunt,
889 2131 1028 2190 recte
1051 2151 1283 2203 narrare,
1305 2153 1426 2190 cum
1452 2152 1573 2206 nec,

100 2231 234 2288 quae
258 2209 316 2269 fit
338 2211 554 2270 astionis
575 2215 823 2290 cuiusque
844 2232 904 2270 ac
927 2217 1000 2270 rei
1020 2231 1195 2274 natura
1209 2256 1225 2284 ‚
1255 2233 1387 2291 quae
1409 2230 1575 2289 partes

95 2290 195 2353 fint
237 2308 291 2350 et
312 2294 537 2364 caulae,
578 2314 711 2371 quae
746 2309 1047 2369 temporum
1092 2295 1440 2372 locorumque
1475 2300 1571 2368 vis,

100 2369 408 2445 didicerint,
447 2373 549 2431 fine
569 2395 792 2452 quorum
818 2378 1120 2449 cognitione
1144 2381 1320 2433 omnia
1357 2376 1437 2433 illa
1458 2377 1573 2433 fieri

52 2498 61 2507 2
100 2453 246 2511 nullo
267 2455 434 2511 modo
457 2455 672 2530 possunt.
751 2457 851 2511 Sed
874 2475 1061 2513 eorum
1096 2462 1336 2514 omnium
1362 2477 1574 2532 praece·

100 2553 186 2609 pta
216 2535 371 2592 habet
393 2537 644 2608 Polybius,
689 2536 874 2613 quibus
905 2536 1176 2610 diligenter
1207 2538 1572 2613 percipiendis,

102 2632 155 2672 ct
178 2635 297 2672 cum
325 2616 601 2691 exemplis,
627 2637 747 2686 cum
765 2613 900 2690 aliis,
932 2633 1045 2674 tum
1070 2619 1132 2675 ab
1155 2620 1265 2694 ipso
1298 2618 1573 2693 propositis

102 2710 156 2752 et
174 2695 365 2754 exiistis
397 2698 462 2756 ad
497 2697 575 2754 illa
609 2713 908 2773 praecepta,
948 2700 1336 2774 comparandiS,
1373 2704 1573 2756 acuitur

9 2807 22 2816 s
100 2779 365 2848 ingenium
389 2779 453 2834 ad
475 2779 787 2850 intelligendi
821 2778 957 2838 illam
979 2797 1030 2836 et
1061 2781 1322 2836 iudicandi
1351 2780 1575 2838 scriben-

20 2930 23 2933 ‚
106 2855 263 2936 quue
278 2857 536 2920 solertiam
551 2877 601 2919 et
614 2856 907 2938 ἀκρίβειαν,
929 2864 1365 2941 quamtantopere
1377 2862 1573 2919 defide-

185 2976 187 2979 ·
1399 2963 1573 3006 ramus
