<?xml version="1.0" encoding="UTF-8"?>
<!DOCTYPE html PUBLIC "-//W3C//DTD XHTML 1.0 Transitional//EN"
    "http://www.w3.org/TR/xhtml1/DTD/xhtml1-transitional.dtd">
<html xmlns="http://www.w3.org/1999/xhtml" xml:lang="en" lang="en">
 <head>
  <title>
</title>
<meta http-equiv="Content-Type" content="text/html;charset=utf-8" />
  <meta name='ocr-system' content='tesseract 3.04.00' />
  <meta name='ocr-capabilities' content='ocr_page ocr_carea ocr_par ocr_line ocrx_word'/>
</head>
<body>
  <div class='ocr_page' id='page_1' title='image "./historiarumquaes01polyuoft_0777.png"; bbox 0 0 1676 3158; ppageno 0'>
   <div class='ocr_carea' id='block_1_1' title="bbox 3 126 1578 232">
    <p class='ocr_par' dir='ltr' id='par_1_1' title="bbox 3 126 1578 232">
     <span class='ocr_line' id='line_1_1' title="bbox 3 126 1578 232; baseline -0.001 -11"><span class='ocrx_word' id='word_1_1' title='bbox 3 126 62 221; x_wconf 54' lang='lat'><strong>‚³</strong></span> <span class='ocrx_word' id='word_1_2' title='bbox 334 129 762 219; x_wconf 50' lang='grc' dir='ltr'><strong>Ἥ(τόΜιιιΕΝἰι</strong></span> <span class='ocrx_word' id='word_1_3' title='bbox 811 170 883 216; x_wconf 77' lang='lat' dir='ltr'><strong>m</strong></span> <span class='ocrx_word' id='word_1_4' title='bbox 925 171 1297 219; x_wconf 76' lang='lat' dir='ltr'>POLYBIVM.</span> <span class='ocrx_word' id='word_1_5' title='bbox 1496 184 1578 232; x_wconf 80' lang='lat'><strong>7⁴1</strong></span> 
     </span>
    </p>
   </div>
   <div class='ocr_carea' id='block_1_2' title="bbox 0 0 382 236">
    <p class='ocr_par' dir='ltr' id='par_1_2' title="bbox 0 0 382 236">
     <span class='ocr_line' id='line_1_2' title="bbox 0 0 382 236; baseline 0 2922"><span class='ocrx_word' id='word_1_6' title='bbox 0 0 382 236; x_wconf 95' lang='lat' dir='ltr'><strong> </strong></span> 
     </span>
    </p>
   </div>
   <div class='ocr_carea' id='block_1_3' title="bbox 52 286 1582 2690">
    <p class='ocr_par' dir='ltr' id='par_1_3' title="bbox 80 286 1582 1311">
     <span class='ocr_line' id='line_1_3' title="bbox 115 286 1582 348; baseline 0.001 -13"><span class='ocrx_word' id='word_1_7' title='bbox 115 286 348 346; x_wconf 76' lang='lat' dir='ltr'><strong>Epistulae</strong></span> <span class='ocrx_word' id='word_1_8' title='bbox 367 296 516 334; x_wconf 84' lang='lat' dir='ltr'><strong>autem</strong></span> <span class='ocrx_word' id='word_1_9' title='bbox 532 324 545 346; x_wconf 91' lang='lat'>,</span> <span class='ocrx_word' id='word_1_10' title='bbox 580 304 710 348; x_wconf 88' lang='lat' dir='ltr'><strong>quam</strong></span> <span class='ocrx_word' id='word_1_11' title='bbox 733 291 796 335; x_wconf 87' lang='lat' dir='ltr'><strong>ait</strong></span> <span class='ocrx_word' id='word_1_12' title='bbox 820 292 998 335; x_wconf 89' lang='lat' dir='ltr'><strong>Memno</strong></span> <span class='ocrx_word' id='word_1_13' title='bbox 1016 292 1321 338; x_wconf 80' lang='lat' dir='ltr'>Alexandrum</span> <span class='ocrx_word' id='word_1_14' title='bbox 1340 293 1395 336; x_wconf 88' lang='lat' dir='ltr'><strong>ad</strong></span> <span class='ocrx_word' id='word_1_15' title='bbox 1415 292 1582 337; x_wconf 76' lang='lat' dir='ltr'><strong>Roma-</strong></span> 
     </span>
     <span class='ocr_line' id='line_1_4' title="bbox 80 352 1582 416; baseline 0.004 -19"><span class='ocrx_word' id='word_1_16' title='bbox 80 405 95 412; x_wconf 50' lang='lat'><em>,</em></span> <span class='ocrx_word' id='word_1_17' title='bbox 122 366 207 397; x_wconf 80' lang='lat' dir='ltr'><strong>nos</strong></span> <span class='ocrx_word' id='word_1_18' title='bbox 231 352 407 409; x_wconf 74' lang='lat' dir='ltr'><strong>misisse,</strong></span> <span class='ocrx_word' id='word_1_19' title='bbox 442 356 670 412; x_wconf 88' lang='lat' dir='ltr'><strong>geminum</strong></span> <span class='ocrx_word' id='word_1_20' title='bbox 698 357 828 413; x_wconf 89' lang='lat' dir='ltr'><strong>plane</strong></span> <span class='ocrx_word' id='word_1_21' title='bbox 851 357 912 401; x_wconf 86' lang='lat' dir='ltr'><strong>est</strong></span> <span class='ocrx_word' id='word_1_22' title='bbox 930 358 1215 415; x_wconf 84' lang='lat' dir='ltr'><strong>responsum,</strong></span> <span class='ocrx_word' id='word_1_23' title='bbox 1248 360 1370 416; x_wconf 92' lang='lat' dir='ltr'><strong>quod</strong></span> <span class='ocrx_word' id='word_1_24' title='bbox 1390 360 1506 416; x_wconf 89' lang='lat' dir='ltr'><strong>apud</strong></span> <span class='ocrx_word' id='word_1_25' title='bbox 1525 359 1582 404; x_wconf 87' lang='lat' dir='ltr'><strong>il-</strong></span> 
     </span>
     <span class='ocr_line' id='line_1_5' title="bbox 121 417 1579 483; baseline 0.006 -23"><span class='ocrx_word' id='word_1_26' title='bbox 121 417 193 461; x_wconf 77' lang='lat' dir='ltr'><strong>los</strong></span> <span class='ocrx_word' id='word_1_27' title='bbox 229 419 535 478; x_wconf 83' lang='lat' dir='ltr'><strong>dramaturgos</strong></span> <span class='ocrx_word' id='word_1_28' title='bbox 572 421 649 465; x_wconf 90' lang='lat' dir='ltr'><strong>dat</strong></span> <span class='ocrx_word' id='word_1_29' title='bbox 677 436 756 465; x_wconf 82' lang='lat' dir='ltr'><strong>rex</strong></span> <span class='ocrx_word' id='word_1_30' title='bbox 795 422 913 465; x_wconf 86' lang='lat' dir='ltr'><strong>idem</strong></span> <span class='ocrx_word' id='word_1_31' title='bbox 948 423 1107 480; x_wconf 87' lang='lat' dir='ltr'><strong>legatis</strong></span> <span class='ocrx_word' id='word_1_32' title='bbox 1140 423 1579 483; x_wconf 78' lang='lat' dir='ltr'><strong>Carthaginienssum.</strong></span> 
     </span>
     <span class='ocr_line' id='line_1_6' title="bbox 120 482 1581 569; baseline 0.006 -43"><span class='ocrx_word' id='word_1_33' title='bbox 120 482 563 528; x_wconf 73' lang='lat' dir='ltr'><strong>Pseudocallisthenes</strong></span> <span class='ocrx_word' id='word_1_34' title='bbox 592 486 655 530; x_wconf 86' lang='lat' dir='ltr'><strong>ita</strong></span> <span class='ocrx_word' id='word_1_35' title='bbox 683 495 854 531; x_wconf 81' lang='lat' dir='ltr'><strong>narrat·</strong></span> <span class='ocrx_word' id='word_1_36' title='bbox 910 492 953 533; x_wconf 76' lang='grc' dir='ltr'><strong>οἱ</strong></span> <span class='ocrx_word' id='word_1_37' title='bbox 976 490 1018 533; x_wconf 81' lang='grc' dir='ltr'><strong>δὲ</strong></span> <span class='ocrx_word' id='word_1_38' title='bbox 1050 507 1130 533; x_wconf 77' lang='grc' dir='ltr'><strong>των</strong></span> <span class='ocrx_word' id='word_1_39' title='bbox 1150 486 1375 569; x_wconf 39' lang='grc' dir='ltr'><strong>Ἀφρικωνκ</strong></span> <span class='ocrx_word' id='word_1_40' title='bbox 1391 491 1581 549; x_wconf 68' lang='grc' dir='ltr'><strong>σρατηγοὶ</strong></span> 
     </span>
     <span class='ocr_line' id='line_1_7' title="bbox 118 545 1580 613; baseline 0.005 -20"><span class='ocrx_word' id='word_1_41' title='bbox 118 545 359 609; x_wconf 66' lang='grc' dir='ltr'><strong><em>ὑπήντησαν</em></strong></span> <span class='ocrx_word' id='word_1_42' title='bbox 388 548 502 611; x_wconf 66' lang='grc' dir='ltr'><strong>αὐτῷ</strong></span> <span class='ocrx_word' id='word_1_43' title='bbox 522 553 595 611; x_wconf 56' lang='grc' dir='ltr'><strong>γρᾷ</strong></span> <span class='ocrx_word' id='word_1_44' title='bbox 617 553 799 598; x_wconf 77' lang='grc' dir='ltr'><strong>ἱκέτευον</strong></span> <span class='ocrx_word' id='word_1_45' title='bbox 817 549 966 609; x_wconf 70' lang='grc' dir='ltr'><strong>αὐτδν,</strong></span> <span class='ocrx_word' id='word_1_46' title='bbox 988 550 1188 611; x_wconf 51' lang='lat' dir='ltr'><strong>&amp;vocivas</strong></span> <span class='ocrx_word' id='word_1_47' title='bbox 1209 550 1295 599; x_wconf 74' lang='grc' dir='ltr'><strong>αἶπδ</strong></span> <span class='ocrx_word' id='word_1_48' title='bbox 1324 551 1395 613; x_wconf 70' lang='grc' dir='ltr'><strong>τῆς</strong></span> <span class='ocrx_word' id='word_1_49' title='bbox 1424 550 1580 606; x_wconf 75' lang='grc' dir='ltr'><strong><em>πόλεως</em></strong></span> 
     </span>
     <span class='ocr_line' id='line_1_8' title="bbox 118 610 1579 699; baseline 0.004 -41"><span class='ocrx_word' id='word_1_50' title='bbox 118 610 252 658; x_wconf 70' lang='grc' dir='ltr'><strong>αὐτὸν</strong></span> <span class='ocrx_word' id='word_1_51' title='bbox 269 615 555 697; x_wconf 71' lang='grc' dir='ltr'><strong>Καρθκγένης.</strong></span> <span class='ocrx_word' id='word_1_52' title='bbox 589 618 612 662; x_wconf 81' lang='lat' dir='ltr'><strong>o‘</strong></span> <span class='ocrx_word' id='word_1_53' title='bbox 633 618 675 662; x_wconf 85' lang='grc' dir='ltr'><strong>δὲ</strong></span> <span class='ocrx_word' id='word_1_54' title='bbox 680 617 959 697; x_wconf 67' lang='grc' dir='ltr'><strong>Ἀλέξανδρος</strong></span> <span class='ocrx_word' id='word_1_55' title='bbox 977 615 1049 676; x_wconf 65' lang='grc' dir='ltr'><strong>τῆς</strong></span> <span class='ocrx_word' id='word_1_56' title='bbox 1070 615 1275 699; x_wconf 49' lang='lat' dir='ltr'><strong>damam</strong></span> <span class='ocrx_word' id='word_1_57' title='bbox 1294 617 1426 663; x_wconf 77' lang='grc' dir='ltr'><strong><em>αὐτων</em></strong></span> <span class='ocrx_word' id='word_1_58' title='bbox 1446 637 1579 664; x_wconf 73' lang='grc' dir='ltr'><strong>καιτοι·</strong></span> 
     </span>
     <span class='ocr_line' id='line_1_9' title="bbox 118 673 1579 758; baseline 0.003 -34"><span class='ocrx_word' id='word_1_59' title='bbox 118 675 239 758; x_wconf 44' lang='lat' dir='ltr'><strong>fuae,</strong></span> <span class='ocrx_word' id='word_1_60' title='bbox 258 673 348 725; x_wconf 71' lang='grc' dir='ltr'><strong>εἶτε</strong></span> <span class='ocrx_word' id='word_1_61' title='bbox 378 677 478 739; x_wconf 71' lang='grc' dir='ltr'><strong>πρός</strong></span> <span class='ocrx_word' id='word_1_62' title='bbox 503 678 647 737; x_wconf 64' lang='grc' dir='ltr'><strong>αὐτὲις,</strong></span> <span class='ocrx_word' id='word_1_63' title='bbox 676 675 700 740; x_wconf 77' lang='grc' dir='ltr'><em>ἢ</em></span> <span class='ocrx_word' id='word_1_64' title='bbox 725 678 953 740; x_wconf 71' lang='grc' dir='ltr'><strong>κρείττονες</strong></span> <span class='ocrx_word' id='word_1_65' title='bbox 980 683 1151 736; x_wconf 55' lang='lat' dir='ltr'><strong>fimes,</strong></span> <span class='ocrx_word' id='word_1_66' title='bbox 1191 677 1215 743; x_wconf 77' lang='grc' dir='ltr'><em>ἢ</em></span> <span class='ocrx_word' id='word_1_67' title='bbox 1250 687 1331 733; x_wconf 79' lang='grc' dir='ltr'><strong>τοῖς</strong></span> <span class='ocrx_word' id='word_1_68' title='bbox 1358 680 1579 741; x_wconf 65' lang='grc' dir='ltr'><strong><em>κρείττοσιν</em></strong></span> 
     </span>
     <span class='ocr_line' id='line_1_10' title="bbox 117 741 1576 803; baseline 0.003 -17"><span class='ocrx_word' id='word_1_69' title='bbox 117 741 229 788; x_wconf 77' lang='grc' dir='ltr'><strong><em>ὖαων</em></strong></span> <span class='ocrx_word' id='word_1_70' title='bbox 249 741 377 803; x_wconf 57' lang='grc' dir='ltr'><strong><em>φόρος</em></strong></span> <span class='ocrx_word' id='word_1_71' title='bbox 394 743 563 792; x_wconf 75' lang='grc' dir='ltr'><strong><em>τελεῖτε</em></strong></span> <span class='ocrx_word' id='word_1_72' title='bbox 610 760 693 790; x_wconf 90' lang='lat' dir='ltr'><strong>nec</strong></span> <span class='ocrx_word' id='word_1_73' title='bbox 715 748 857 790; x_wconf 85' lang='lat' dir='ltr'><strong>multo</strong></span> <span class='ocrx_word' id='word_1_74' title='bbox 878 749 1004 791; x_wconf 90' lang='lat' dir='ltr'><strong>aliter</strong></span> <span class='ocrx_word' id='word_1_75' title='bbox 1024 748 1220 792; x_wconf 87' lang='lat' dir='ltr'><strong>eiusdem</strong></span> <span class='ocrx_word' id='word_1_76' title='bbox 1241 749 1448 792; x_wconf 84' lang='lat' dir='ltr'><strong>dramatis</strong></span> <span class='ocrx_word' id='word_1_77' title='bbox 1473 749 1576 792; x_wconf 86' lang='lat' dir='ltr'><strong>scri-</strong></span> 
     </span>
     <span class='ocr_line' id='line_1_11' title="bbox 117 810 1578 870; baseline 0.004 -20"><span class='ocrx_word' id='word_1_78' title='bbox 117 820 223 865; x_wconf 84' lang='lat' dir='ltr'><strong>ptor</strong></span> <span class='ocrx_word' id='word_1_79' title='bbox 250 810 360 853; x_wconf 84' lang='lat' dir='ltr'><strong>alter</strong></span> <span class='ocrx_word' id='word_1_80' title='bbox 380 825 645 869; x_wconf 81' lang='lat' dir='ltr'><strong>anonymus.</strong></span> <span class='ocrx_word' id='word_1_81' title='bbox 685 811 885 869; x_wconf 88' lang='lat' dir='ltr'>Apparet</span> <span class='ocrx_word' id='word_1_82' title='bbox 915 827 971 855; x_wconf 85' lang='lat' dir='ltr'><strong>ex</strong></span> <span class='ocrx_word' id='word_1_83' title='bbox 993 813 1086 869; x_wconf 82' lang='lat' dir='ltr'><strong>his,</strong></span> <span class='ocrx_word' id='word_1_84' title='bbox 1093 814 1203 862; x_wconf 89' lang='lat' dir='ltr'><strong>iam</strong></span> <span class='ocrx_word' id='word_1_85' title='bbox 1224 814 1326 856; x_wconf 90' lang='lat' dir='ltr'><strong>inde</strong></span> <span class='ocrx_word' id='word_1_86' title='bbox 1347 828 1372 855; x_wconf 91' lang='lat' dir='ltr'><strong>a</strong></span> <span class='ocrx_word' id='word_1_87' title='bbox 1397 822 1578 870; x_wconf 89' lang='lat' dir='ltr'><strong>tempo-</strong></span> 
     </span>
     <span class='ocr_line' id='line_1_12' title="bbox 115 873 1575 935; baseline 0.005 -21"><span class='ocrx_word' id='word_1_88' title='bbox 115 873 236 916; x_wconf 89' lang='lat' dir='ltr'><strong>ribus</strong></span> <span class='ocrx_word' id='word_1_89' title='bbox 259 875 502 919; x_wconf 78' lang='lat' dir='ltr'><strong>Alexandri</strong></span> <span class='ocrx_word' id='word_1_90' title='bbox 519 885 566 920; x_wconf 91' lang='lat' dir='ltr'><strong>et</strong></span> <span class='ocrx_word' id='word_1_91' title='bbox 587 876 653 920; x_wconf 91' lang='lat' dir='ltr'><strong>illi</strong></span> <span class='ocrx_word' id='word_1_92' title='bbox 674 878 809 920; x_wconf 86' lang='lat' dir='ltr'><strong>aetati</strong></span> <span class='ocrx_word' id='word_1_93' title='bbox 831 879 1073 935; x_wconf 82' lang='lat' dir='ltr'>proximis,</span> <span class='ocrx_word' id='word_1_94' title='bbox 1117 879 1257 922; x_wconf 84' lang='lat' dir='ltr'><strong>multa</strong></span> <span class='ocrx_word' id='word_1_95' title='bbox 1286 893 1311 920; x_wconf 89' lang='lat' dir='ltr'><strong>a</strong></span> <span class='ocrx_word' id='word_1_96' title='bbox 1342 877 1575 922; x_wconf 81' lang='lat' dir='ltr'>Graeculis</span> 
     </span>
     <span class='ocr_line' id='line_1_13' title="bbox 116 939 1575 1002; baseline 0.003 -21"><span class='ocrx_word' id='word_1_97' title='bbox 116 941 408 995; x_wconf 74' lang='lat' dir='ltr'><strong>nugatoribus</strong></span> <span class='ocrx_word' id='word_1_98' title='bbox 430 942 484 983; x_wconf 92' lang='lat' dir='ltr'><strong>de</strong></span> <span class='ocrx_word' id='word_1_99' title='bbox 504 942 763 984; x_wconf 86' lang='lat' dir='ltr'><strong>Alexandro</strong></span> <span class='ocrx_word' id='word_1_100' title='bbox 784 939 997 998; x_wconf 69' lang='lat' dir='ltr'><strong>confifta,</strong></span> <span class='ocrx_word' id='word_1_101' title='bbox 1027 951 1072 1002; x_wconf 81' lang='lat' dir='ltr'><strong>et</strong></span> <span class='ocrx_word' id='word_1_102' title='bbox 1101 957 1181 1000; x_wconf 91' lang='lat' dir='ltr'><strong>pro</strong></span> <span class='ocrx_word' id='word_1_103' title='bbox 1211 945 1328 986; x_wconf 88' lang='lat' dir='ltr'><strong>veris</strong></span> <span class='ocrx_word' id='word_1_104' title='bbox 1353 945 1399 986; x_wconf 92' lang='lat' dir='ltr'><strong>in</strong></span> <span class='ocrx_word' id='word_1_105' title='bbox 1428 943 1575 986; x_wconf 81' lang='lat' dir='ltr'><strong>literis</strong></span> 
     </span>
     <span class='ocr_line' id='line_1_14' title="bbox 115 1004 1577 1066; baseline 0.003 -21"><span class='ocrx_word' id='word_1_106' title='bbox 115 1004 255 1047; x_wconf 82' lang='lat' dir='ltr'><strong>relata</strong></span> <span class='ocrx_word' id='word_1_107' title='bbox 264 1020 279 1057; x_wconf 81' lang='lat'><em>3</em></span> <span class='ocrx_word' id='word_1_108' title='bbox 313 1019 427 1062; x_wconf 83' lang='lat' dir='ltr'><strong>quae</strong></span> <span class='ocrx_word' id='word_1_109' title='bbox 447 1014 573 1050; x_wconf 90' lang='lat' dir='ltr'><strong>tanto</strong></span> <span class='ocrx_word' id='word_1_110' title='bbox 594 1007 690 1063; x_wconf 87' lang='lat' dir='ltr'><strong>post</strong></span> <span class='ocrx_word' id='word_1_111' title='bbox 709 1008 946 1051; x_wconf 83' lang='lat' dir='ltr'><strong>interuallo</strong></span> <span class='ocrx_word' id='word_1_112' title='bbox 970 1015 1212 1064; x_wconf 76' lang='lat' dir='ltr'><strong>nugatores</strong></span> <span class='ocrx_word' id='word_1_113' title='bbox 1239 1009 1307 1052; x_wconf 88' lang='lat' dir='ltr'><strong>isti</strong></span> <span class='ocrx_word' id='word_1_114' title='bbox 1333 1022 1488 1066; x_wconf 87' lang='lat' dir='ltr'><strong>parum</strong></span> <span class='ocrx_word' id='word_1_115' title='bbox 1509 1008 1577 1050; x_wconf 85' lang='lat' dir='ltr'><strong>le-</strong></span> 
     </span>
     <span class='ocr_line' id='line_1_15' title="bbox 115 1069 1575 1127; baseline 0.005 -17"><span class='ocrx_word' id='word_1_116' title='bbox 115 1069 238 1126; x_wconf 89' lang='lat' dir='ltr'><strong>pidi,</strong></span> <span class='ocrx_word' id='word_1_117' title='bbox 261 1070 450 1114; x_wconf 85' lang='lat' dir='ltr'><strong>studiose</strong></span> <span class='ocrx_word' id='word_1_118' title='bbox 466 1071 773 1127; x_wconf 85' lang='lat' dir='ltr'><strong>collegerunt,</strong></span> <span class='ocrx_word' id='word_1_119' title='bbox 798 1077 843 1114; x_wconf 90' lang='lat' dir='ltr'><strong>et</strong></span> <span class='ocrx_word' id='word_1_120' title='bbox 863 1073 909 1115; x_wconf 91' lang='lat' dir='ltr'><strong>in</strong></span> <span class='ocrx_word' id='word_1_121' title='bbox 930 1087 1063 1116; x_wconf 85' lang='lat' dir='ltr'><strong>vnum</strong></span> <span class='ocrx_word' id='word_1_122' title='bbox 1088 1074 1296 1117; x_wconf 83' lang='lat' dir='ltr'>dramatis</span> <span class='ocrx_word' id='word_1_123' title='bbox 1319 1074 1384 1116; x_wconf 86' lang='lat' dir='ltr'><strong>sui</strong></span> <span class='ocrx_word' id='word_1_124' title='bbox 1403 1071 1575 1117; x_wconf 88' lang='lat' dir='ltr'><strong>vaniffi-</strong></span> 
     </span>
     <span class='ocr_line' id='line_1_16' title="bbox 114 1134 1575 1195; baseline 0.005 -20"><span class='ocrx_word' id='word_1_125' title='bbox 114 1134 176 1176; x_wconf 83' lang='lat' dir='ltr'><strong>mi</strong></span> <span class='ocrx_word' id='word_1_126' title='bbox 206 1148 369 1193; x_wconf 84' lang='lat' dir='ltr'><strong>corpus</strong></span> <span class='ocrx_word' id='word_1_127' title='bbox 391 1146 726 1194; x_wconf 87' lang='lat' dir='ltr'><strong>compegerunt.</strong></span> <span class='ocrx_word' id='word_1_128' title='bbox 787 1137 898 1181; x_wconf 87' lang='lat' dir='ltr'><strong>Sane</strong></span> <span class='ocrx_word' id='word_1_129' title='bbox 929 1140 1059 1181; x_wconf 89' lang='lat' dir='ltr'><strong>etiam</strong></span> <span class='ocrx_word' id='word_1_130' title='bbox 1088 1139 1204 1195; x_wconf 89' lang='lat' dir='ltr'><strong>apud</strong></span> <span class='ocrx_word' id='word_1_131' title='bbox 1233 1139 1506 1193; x_wconf 78' lang='lat' dir='ltr'><strong>cedrenum,</strong></span> <span class='ocrx_word' id='word_1_132' title='bbox 1527 1147 1575 1183; x_wconf 87' lang='lat' dir='ltr'><strong>et</strong></span> 
     </span>
     <span class='ocr_line' id='line_1_17' title="bbox 114 1200 1577 1260; baseline 0.003 -19"><span class='ocrx_word' id='word_1_133' title='bbox 114 1200 212 1242; x_wconf 89' lang='lat' dir='ltr'><strong>eius</strong></span> <span class='ocrx_word' id='word_1_134' title='bbox 243 1210 378 1244; x_wconf 82' lang='lat' dir='ltr'><strong>notae</strong></span> <span class='ocrx_word' id='word_1_135' title='bbox 406 1201 647 1259; x_wconf 86' lang='lat' dir='ltr'><strong>scriptores</strong></span> <span class='ocrx_word' id='word_1_136' title='bbox 677 1202 810 1247; x_wconf 88' lang='lat' dir='ltr'><strong>huius</strong></span> <span class='ocrx_word' id='word_1_137' title='bbox 843 1204 1047 1247; x_wconf 89' lang='lat' dir='ltr'><strong>centonis</strong></span> <span class='ocrx_word' id='word_1_138' title='bbox 1078 1204 1251 1260; x_wconf 84' lang='lat' dir='ltr'><strong>aliquot</strong></span> <span class='ocrx_word' id='word_1_139' title='bbox 1279 1202 1414 1248; x_wconf 86' lang='lat' dir='ltr'><strong>frusta</strong></span> <span class='ocrx_word' id='word_1_140' title='bbox 1430 1203 1577 1247; x_wconf 86' lang='lat' dir='ltr'><strong>obser-</strong></span> 
     </span>
     <span class='ocr_line' id='line_1_18' title="bbox 112 1276 337 1311; baseline 0.009 -3"><span class='ocrx_word' id='word_1_141' title='bbox 112 1276 337 1311; x_wconf 73' lang='lat' dir='ltr'><strong>minimus,</strong></span> 
     </span>
    </p>

    <p class='ocr_par' dir='ltr' id='par_1_4' title="bbox 52 1328 1575 2106">
     <span class='ocr_line' id='line_1_19' title="bbox 208 1328 1575 1391; baseline 0.002 -16"><span class='ocrx_word' id='word_1_142' title='bbox 208 1329 314 1375; x_wconf 89' lang='lat' dir='ltr'><strong>Ibid.</strong></span> <span class='ocrx_word' id='word_1_143' title='bbox 348 1328 475 1390; x_wconf 72' lang='grc' dir='ltr'><strong><em>ἰχνᾶἷς</em></strong></span> <span class='ocrx_word' id='word_1_144' title='bbox 487 1329 627 1387; x_wconf 48' lang='lat' dir='ltr'><strong>aaran,</strong></span> <span class='ocrx_word' id='word_1_145' title='bbox 637 1331 698 1377; x_wconf 75' lang='grc' dir='ltr'><strong>εἶδ’</strong></span> <span class='ocrx_word' id='word_1_146' title='bbox 707 1331 961 1389; x_wconf 69' lang='grc' dir='ltr'><strong><em>ἐγίνωσκον.)</em></strong></span> <span class='ocrx_word' id='word_1_147' title='bbox 973 1331 1019 1376; x_wconf 87' lang='lat' dir='ltr'><strong>Si</strong></span> <span class='ocrx_word' id='word_1_148' title='bbox 1034 1347 1134 1376; x_wconf 86' lang='lat' dir='ltr'><strong>vera</strong></span> <span class='ocrx_word' id='word_1_149' title='bbox 1146 1332 1254 1375; x_wconf 89' lang='lat' dir='ltr'><strong>haec</strong></span> <span class='ocrx_word' id='word_1_150' title='bbox 1269 1331 1403 1376; x_wconf 75' lang='lat' dir='ltr'><strong>lefflo</strong></span> <span class='ocrx_word' id='word_1_151' title='bbox 1417 1367 1429 1389; x_wconf 93' lang='lat'>,</span> <span class='ocrx_word' id='word_1_152' title='bbox 1442 1347 1575 1391; x_wconf 84' lang='lat' dir='ltr'><strong>quam</strong></span> 
     </span>
     <span class='ocr_line' id='line_1_20' title="bbox 113 1393 1575 1455; baseline 0.002 -17"><span class='ocrx_word' id='word_1_153' title='bbox 113 1393 215 1438; x_wconf 86' lang='lat' dir='ltr'><strong>libri</strong></span> <span class='ocrx_word' id='word_1_154' title='bbox 236 1410 388 1439; x_wconf 87' lang='lat' dir='ltr'><strong>ornnes</strong></span> <span class='ocrx_word' id='word_1_155' title='bbox 410 1397 658 1440; x_wconf 89' lang='lat' dir='ltr'><strong>constanter</strong></span> <span class='ocrx_word' id='word_1_156' title='bbox 675 1397 848 1440; x_wconf 87' lang='lat' dir='ltr'><strong>seruant</strong></span> <span class='ocrx_word' id='word_1_157' title='bbox 862 1432 873 1451; x_wconf 88' lang='lat'>‚</span> <span class='ocrx_word' id='word_1_158' title='bbox 905 1395 1029 1455; x_wconf 73' lang='grc' dir='ltr'><strong>ἰχνῶς</strong></span> <span class='ocrx_word' id='word_1_159' title='bbox 1052 1396 1176 1444; x_wconf 73' lang='grc' dir='ltr'><strong><em>εἰπᾶν</em></strong></span> <span class='ocrx_word' id='word_1_160' title='bbox 1204 1399 1502 1455; x_wconf 88' lang='lat' dir='ltr'><strong>interpretor,</strong></span> <span class='ocrx_word' id='word_1_161' title='bbox 1522 1395 1575 1450; x_wconf 69' lang='grc' dir='ltr'><strong>ὅς</strong></span> 
     </span>
     <span class='ocr_line' id='line_1_21' title="bbox 112 1458 1573 1521; baseline 0.002 -17"><span class='ocrx_word' id='word_1_162' title='bbox 112 1477 162 1504; x_wconf 72' lang='grc' dir='ltr'><strong>τε</strong></span> <span class='ocrx_word' id='word_1_163' title='bbox 182 1458 359 1518; x_wconf 73' lang='grc' dir='ltr'><strong>οἰκριβῶς</strong></span> <span class='ocrx_word' id='word_1_164' title='bbox 378 1463 474 1521; x_wconf 70' lang='grc' dir='ltr'><strong>περὶ</strong></span> <span class='ocrx_word' id='word_1_165' title='bbox 504 1460 638 1507; x_wconf 71' lang='grc' dir='ltr'><strong>αὐτῶν</strong></span> <span class='ocrx_word' id='word_1_166' title='bbox 658 1460 795 1508; x_wconf 71' lang='grc' dir='ltr'><strong>εἰπεῖν.</strong></span> <span class='ocrx_word' id='word_1_167' title='bbox 838 1462 931 1505; x_wconf 82' lang='lat' dir='ltr'><strong>Iam</strong></span> <span class='ocrx_word' id='word_1_168' title='bbox 958 1463 1208 1506; x_wconf 76' lang='lat' dir='ltr'><strong>monuimus</strong></span> <span class='ocrx_word' id='word_1_169' title='bbox 1238 1464 1292 1506; x_wconf 92' lang='lat' dir='ltr'><strong>de</strong></span> <span class='ocrx_word' id='word_1_170' title='bbox 1314 1463 1573 1507; x_wconf 87' lang='lat' dir='ltr'><strong>Alexandro</strong></span> 
     </span>
     <span class='ocr_line' id='line_1_22' title="bbox 112 1525 1572 1587; baseline 0.003 -19"><span class='ocrx_word' id='word_1_171' title='bbox 112 1533 160 1568; x_wconf 83' lang='lat' dir='ltr'><strong>et</strong></span> <span class='ocrx_word' id='word_1_172' title='bbox 182 1525 306 1568; x_wconf 87' lang='lat' dir='ltr'><strong>illius</strong></span> <span class='ocrx_word' id='word_1_173' title='bbox 338 1527 491 1570; x_wconf 87' lang='lat' dir='ltr'><strong>aetatis</strong></span> <span class='ocrx_word' id='word_1_174' title='bbox 512 1527 800 1571; x_wconf 80' lang='lat' dir='ltr'><strong>Macedoniae</strong></span> <span class='ocrx_word' id='word_1_175' title='bbox 830 1528 1009 1584; x_wconf 87' lang='lat' dir='ltr'><strong>regibus</strong></span> <span class='ocrx_word' id='word_1_176' title='bbox 1040 1529 1183 1585; x_wconf 83' lang='lat' dir='ltr'><strong>accipi</strong></span> <span class='ocrx_word' id='word_1_177' title='bbox 1210 1529 1367 1572; x_wconf 88' lang='lat' dir='ltr'><strong>debere</strong></span> <span class='ocrx_word' id='word_1_178' title='bbox 1394 1528 1572 1587; x_wconf 88' lang='lat' dir='ltr'><strong>Polybii</strong></span> 
     </span>
     <span class='ocr_line' id='line_1_23' title="bbox 113 1589 1572 1650; baseline 0.003 -16"><span class='ocrx_word' id='word_1_179' title='bbox 113 1590 257 1635; x_wconf 82' lang='lat' dir='ltr'><strong>verba.</strong></span> <span class='ocrx_word' id='word_1_180' title='bbox 291 1589 403 1633; x_wconf 88' lang='lat' dir='ltr'><strong>Illos</strong></span> <span class='ocrx_word' id='word_1_181' title='bbox 427 1592 488 1635; x_wconf 89' lang='lat' dir='ltr'><strong>ait</strong></span> <span class='ocrx_word' id='word_1_182' title='bbox 500 1591 706 1650; x_wconf 84' lang='lat' dir='ltr'><strong>Europae</strong></span> <span class='ocrx_word' id='word_1_183' title='bbox 721 1593 925 1636; x_wconf 90' lang='lat' dir='ltr'><strong>nationes</strong></span> <span class='ocrx_word' id='word_1_184' title='bbox 952 1592 1105 1637; x_wconf 83' lang='lat' dir='ltr'><strong>versus</strong></span> <span class='ocrx_word' id='word_1_185' title='bbox 1128 1594 1330 1636; x_wconf 87' lang='lat' dir='ltr'><strong>occasum</strong></span> <span class='ocrx_word' id='word_1_186' title='bbox 1352 1592 1572 1648; x_wconf 49' lang='lat' dir='ltr'><strong>fitas,*aut</strong></span> 
     </span>
     <span class='ocr_line' id='line_1_24' title="bbox 112 1655 1572 1716; baseline 0.003 -18"><span class='ocrx_word' id='word_1_187' title='bbox 112 1655 297 1698; x_wconf 87' lang='lat' dir='ltr'><strong>omnino</strong></span> <span class='ocrx_word' id='word_1_188' title='bbox 316 1656 558 1712; x_wconf 82' lang='lat' dir='ltr'><strong>ignorasse,</strong></span> <span class='ocrx_word' id='word_1_189' title='bbox 586 1666 663 1701; x_wconf 86' lang='lat' dir='ltr'><strong>aut</strong></span> <span class='ocrx_word' id='word_1_190' title='bbox 694 1658 755 1700; x_wconf 84' lang='lat' dir='ltr'><strong>ita</strong></span> <span class='ocrx_word' id='word_1_191' title='bbox 781 1657 925 1700; x_wconf 89' lang='lat' dir='ltr'><strong>leuem</strong></span> <span class='ocrx_word' id='word_1_192' title='bbox 952 1672 1101 1700; x_wconf 89' lang='lat' dir='ltr'><strong>earum</strong></span> <span class='ocrx_word' id='word_1_193' title='bbox 1134 1660 1338 1702; x_wconf 86' lang='lat' dir='ltr'><strong>notitiam</strong></span> <span class='ocrx_word' id='word_1_194' title='bbox 1365 1657 1572 1716; x_wconf 74' lang='lat' dir='ltr'><strong>habuiss‘e,</strong></span> 
     </span>
     <span class='ocr_line' id='line_1_25' title="bbox 112 1720 1575 1780; baseline 0.003 -16"><span class='ocrx_word' id='word_1_195' title='bbox 112 1729 163 1764; x_wconf 86' lang='lat' dir='ltr'><strong>vt</strong></span> <span class='ocrx_word' id='word_1_196' title='bbox 182 1722 236 1763; x_wconf 87' lang='lat' dir='ltr'><strong>de</strong></span> <span class='ocrx_word' id='word_1_197' title='bbox 256 1722 309 1764; x_wconf 87' lang='lat' dir='ltr'><strong>iis</strong></span> <span class='ocrx_word' id='word_1_198' title='bbox 327 1721 438 1764; x_wconf 91' lang='lat' dir='ltr'><strong>nihil</strong></span> <span class='ocrx_word' id='word_1_199' title='bbox 461 1720 632 1779; x_wconf 72' lang='lat' dir='ltr'><strong>poss&#39;ent</strong></span> <span class='ocrx_word' id='word_1_200' title='bbox 656 1723 818 1767; x_wconf 86' lang='lat' dir='ltr'><strong>dicere.</strong></span> <span class='ocrx_word' id='word_1_201' title='bbox 852 1720 1006 1780; x_wconf 67' lang='grc' dir='ltr'><strong><em>ἰχνῶς,</em></strong></span> <span class='ocrx_word' id='word_1_202' title='bbox 1029 1722 1114 1767; x_wconf 82' lang='lat' dir='ltr'><strong>hoc</strong></span> <span class='ocrx_word' id='word_1_203' title='bbox 1134 1722 1196 1767; x_wconf 88' lang='lat' dir='ltr'><strong>est</strong></span> <span class='ocrx_word' id='word_1_204' title='bbox 1214 1721 1390 1779; x_wconf 66' lang='lat' dir='ltr'><strong>exa&amp;e‚</strong></span> <span class='ocrx_word' id='word_1_205' title='bbox 1420 1731 1468 1767; x_wconf 84' lang='lat' dir='ltr'><strong>et</strong></span> <span class='ocrx_word' id='word_1_206' title='bbox 1494 1742 1575 1769; x_wconf 75' lang='grc' dir='ltr'><strong>κοι-</strong></span> 
     </span>
     <span class='ocr_line' id='line_1_26' title="bbox 110 1782 1570 1847; baseline 0.001 -17"><span class='ocrx_word' id='word_1_207' title='bbox 110 1782 167 1830; x_wconf 62' lang='lat' dir='ltr'><strong>ro?</strong></span> <span class='ocrx_word' id='word_1_208' title='bbox 187 1782 355 1830; x_wconf 69' lang='grc' dir='ltr'><strong><em>λεπτόν.</em></strong></span> <span class='ocrx_word' id='word_1_209' title='bbox 391 1787 453 1830; x_wconf 91' lang='lat' dir='ltr'><strong>ita</strong></span> <span class='ocrx_word' id='word_1_210' title='bbox 477 1786 633 1830; x_wconf 87' lang='lat' dir='ltr'><strong>Suidas</strong></span> <span class='ocrx_word' id='word_1_211' title='bbox 655 1785 902 1846; x_wconf 72' lang='grc' dir='ltr'><strong><em>ἰχνομυθὲῐν</em></strong></span> <span class='ocrx_word' id='word_1_212' title='bbox 922 1788 1108 1844; x_wconf 84' lang='lat' dir='ltr'><strong>exponit</strong></span> <span class='ocrx_word' id='word_1_213' title='bbox 1130 1787 1425 1847; x_wconf 65' lang='grc' dir='ltr'><strong><em>ἐκριβολογὲῐν.</em></strong></span> <span class='ocrx_word' id='word_1_214' title='bbox 1460 1788 1570 1832; x_wconf 86' lang='lat' dir='ltr'><strong>Mihi</strong></span> 
     </span>
     <span class='ocr_line' id='line_1_27' title="bbox 108 1851 1569 1911; baseline 0.003 -19"><span class='ocrx_word' id='word_1_215' title='bbox 108 1851 219 1893; x_wconf 88' lang='lat' dir='ltr'><strong>haec</strong></span> <span class='ocrx_word' id='word_1_216' title='bbox 253 1851 565 1908; x_wconf 83' lang='lat' dir='ltr'><strong>interpretatio</strong></span> <span class='ocrx_word' id='word_1_217' title='bbox 593 1866 747 1909; x_wconf 85' lang='lat' dir='ltr'><strong>parum</strong></span> <span class='ocrx_word' id='word_1_218' title='bbox 773 1852 996 1909; x_wconf 87' lang='lat' dir='ltr'><strong>probatur.</strong></span> <span class='ocrx_word' id='word_1_219' title='bbox 1050 1852 1247 1896; x_wconf 80' lang='lat' dir='ltr'><strong>Fortasse</strong></span> <span class='ocrx_word' id='word_1_220' title='bbox 1276 1854 1394 1898; x_wconf 86' lang='lat' dir='ltr'><strong>deest</strong></span> <span class='ocrx_word' id='word_1_221' title='bbox 1424 1854 1569 1911; x_wconf 79' lang='lat' dir='ltr'><strong>aliqua</strong></span> 
     </span>
     <span class='ocr_line' id='line_1_28' title="bbox 52 1916 1564 1974; baseline 0.003 -16"><span class='ocrx_word' id='word_1_222' title='bbox 52 1932 54 1937; x_wconf 67' lang='grc'>’</span> <span class='ocrx_word' id='word_1_223' title='bbox 111 1931 224 1971; x_wconf 88' lang='lat' dir='ltr'><strong>vox,</strong></span> <span class='ocrx_word' id='word_1_224' title='bbox 248 1924 297 1959; x_wconf 91' lang='lat' dir='ltr'><strong>vt</strong></span> <span class='ocrx_word' id='word_1_225' title='bbox 319 1917 365 1959; x_wconf 88' lang='lat' dir='ltr'><strong>in</strong></span> <span class='ocrx_word' id='word_1_226' title='bbox 399 1917 598 1973; x_wconf 88' lang='lat' dir='ltr'><strong>sequenti</strong></span> <span class='ocrx_word' id='word_1_227' title='bbox 632 1918 819 1974; x_wconf 87' lang='lat' dir='ltr'><strong>periodo</strong></span> <span class='ocrx_word' id='word_1_228' title='bbox 855 1917 988 1960; x_wconf 88' lang='lat' dir='ltr'><strong>verba</strong></span> <span class='ocrx_word' id='word_1_229' title='bbox 1016 1916 1156 1974; x_wconf 86' lang='lat' dir='ltr'><strong>plura.</strong></span> <span class='ocrx_word' id='word_1_230' title='bbox 1208 1919 1392 1962; x_wconf 90' lang='lat' dir='ltr'><strong>omnino</strong></span> <span class='ocrx_word' id='word_1_231' title='bbox 1435 1918 1564 1962; x_wconf 85' lang='lat' dir='ltr'><strong>locus</strong></span> 
     </span>
     <span class='ocr_line' id='line_1_29' title="bbox 106 1975 1566 2040; baseline 0.004 -17"><span class='ocrx_word' id='word_1_232' title='bbox 106 1982 256 2024; x_wconf 88' lang='lat' dir='ltr'><strong>mendi</strong></span> <span class='ocrx_word' id='word_1_233' title='bbox 278 1980 503 2038; x_wconf 65' lang='lat' dir='ltr'><strong>suspeftus</strong></span> <span class='ocrx_word' id='word_1_234' title='bbox 525 1990 569 2025; x_wconf 90' lang='lat' dir='ltr'><strong>et</strong></span> <span class='ocrx_word' id='word_1_235' title='bbox 593 1980 752 2025; x_wconf 73' lang='lat' dir='ltr'><strong>diffio:</strong></span> <span class='ocrx_word' id='word_1_236' title='bbox 786 1976 935 2040; x_wconf 67' lang='grc' dir='ltr'><em>ἰχνός,</em></span> <span class='ocrx_word' id='word_1_237' title='bbox 956 1982 1007 2032; x_wconf 73' lang='grc' dir='ltr'><strong>ὥς</strong></span> <span class='ocrx_word' id='word_1_238' title='bbox 1027 1979 1176 2038; x_wconf 59' lang='lat' dir='ltr'><strong>einh,</strong></span> <span class='ocrx_word' id='word_1_239' title='bbox 1198 1975 1223 2040; x_wconf 76' lang='grc' dir='ltr'><em>ἢ</em></span> <span class='ocrx_word' id='word_1_240' title='bbox 1243 1980 1566 2037; x_wconf 62' lang='lat' dir='ltr'><strong>2&#39;3&#39;eya&#39;yvmxov.</strong></span> 
     </span>
     <span class='ocr_line' id='line_1_30' title="bbox 105 2045 1338 2106; baseline 0.002 -17"><span class='ocrx_word' id='word_1_241' title='bbox 105 2048 301 2101; x_wconf 81' lang='lat' dir='ltr'><strong>tenuiter,</strong></span> <span class='ocrx_word' id='word_1_242' title='bbox 320 2053 368 2088; x_wconf 82' lang='lat' dir='ltr'><strong>vt</strong></span> <span class='ocrx_word' id='word_1_243' title='bbox 376 2046 437 2105; x_wconf 81' lang='lat' dir='ltr'><strong>fic</strong></span> <span class='ocrx_word' id='word_1_244' title='bbox 453 2045 590 2089; x_wconf 83' lang='lat' dir='ltr'><strong>dicam</strong></span> <span class='ocrx_word' id='word_1_245' title='bbox 603 2081 615 2102; x_wconf 77' lang='lat'>,</span> <span class='ocrx_word' id='word_1_246' title='bbox 636 2053 714 2090; x_wconf 79' lang='lat' dir='ltr'><strong>aut</strong></span> <span class='ocrx_word' id='word_1_247' title='bbox 733 2048 896 2089; x_wconf 79' lang='lat' dir='ltr'><strong>omnino</strong></span> <span class='ocrx_word' id='word_1_248' title='bbox 915 2061 964 2092; x_wconf 77' lang='lat' dir='ltr'><strong>ne</strong></span> <span class='ocrx_word' id='word_1_249' title='bbox 984 2054 1140 2090; x_wconf 80' lang='lat' dir='ltr'><strong>norant</strong></span> <span class='ocrx_word' id='word_1_250' title='bbox 1159 2046 1338 2106; x_wconf 83' lang='lat' dir='ltr'><strong>quidem.</strong></span> 
     </span>
    </p>

    <p class='ocr_par' dir='ltr' id='par_1_5' title="bbox 90 2106 1565 2690">
     <span class='ocr_line' id='line_1_31' title="bbox 202 2106 1564 2169; baseline 0.002 -15"><span class='ocrx_word' id='word_1_251' title='bbox 202 2111 311 2156; x_wconf 87' lang='lat' dir='ltr'><strong>Ibid.</strong></span> <span class='ocrx_word' id='word_1_252' title='bbox 343 2109 532 2169; x_wconf 79' lang='grc' dir='ltr'><strong><em>Ζηλωτόν</em></strong></span> <span class='ocrx_word' id='word_1_253' title='bbox 563 2114 640 2163; x_wconf 84' lang='grc' dir='ltr'><strong>μὲν</strong></span> <span class='ocrx_word' id='word_1_254' title='bbox 658 2115 737 2162; x_wconf 67' lang='lat' dir='ltr'><strong>roi}</strong></span> <span class='ocrx_word' id='word_1_255' title='bbox 763 2110 832 2156; x_wconf 74' lang='grc' dir='ltr'><strong><em>ν’ῦν</em></strong></span> <span class='ocrx_word' id='word_1_256' title='bbox 866 2106 954 2157; x_wconf 66' lang='grc' dir='ltr'><strong><em>ἕσιν</em></strong></span> <span class='ocrx_word' id='word_1_257' title='bbox 977 2112 1068 2169; x_wconf 80' lang='grc' dir='ltr'><strong><em>οἷν.)</em></strong></span> <span class='ocrx_word' id='word_1_258' title='bbox 1110 2112 1171 2155; x_wconf 88' lang='lat' dir='ltr'><strong>Et</strong></span> <span class='ocrx_word' id='word_1_259' title='bbox 1199 2113 1317 2157; x_wconf 92' lang='lat' dir='ltr'><strong>hunc</strong></span> <span class='ocrx_word' id='word_1_260' title='bbox 1344 2113 1495 2157; x_wconf 88' lang='lat' dir='ltr'><strong>locum</strong></span> <span class='ocrx_word' id='word_1_261' title='bbox 1517 2122 1564 2158; x_wconf 88' lang='lat' dir='ltr'><strong>et</strong></span> 
     </span>
     <span class='ocr_line' id='line_1_32' title="bbox 109 2176 1564 2234; baseline 0.001 -15"><span class='ocrx_word' id='word_1_262' title='bbox 109 2177 295 2220; x_wconf 86' lang='lat' dir='ltr'><strong>alterum</strong></span> <span class='ocrx_word' id='word_1_263' title='bbox 313 2211 325 2232; x_wconf 87' lang='lat'><strong>‚</strong></span> <span class='ocrx_word' id='word_1_264' title='bbox 352 2178 427 2234; x_wconf 90' lang='lat' dir='ltr'><strong>qui</strong></span> <span class='ocrx_word' id='word_1_265' title='bbox 447 2191 539 2219; x_wconf 88' lang='lat' dir='ltr'><strong>non</strong></span> <span class='ocrx_word' id='word_1_266' title='bbox 561 2177 703 2220; x_wconf 87' lang='lat' dir='ltr'><strong>multo</strong></span> <span class='ocrx_word' id='word_1_267' title='bbox 725 2177 818 2234; x_wconf 89' lang='lat' dir='ltr'><strong>post</strong></span> <span class='ocrx_word' id='word_1_268' title='bbox 849 2176 1068 2233; x_wconf 84' lang='lat' dir='ltr'><strong>sequitur,</strong></span> <span class='ocrx_word' id='word_1_269' title='bbox 1107 2191 1260 2220; x_wconf 88' lang='lat' dir='ltr'><strong>omnes</strong></span> <span class='ocrx_word' id='word_1_270' title='bbox 1289 2179 1564 2221; x_wconf 86' lang='lat' dir='ltr'><strong>membranae</strong></span> 
     </span>
     <span class='ocr_line' id='line_1_33' title="bbox 104 2240 1565 2299; baseline 0.001 -15"><span class='ocrx_word' id='word_1_271' title='bbox 104 2242 238 2285; x_wconf 79' lang='lat' dir='ltr'><strong>foede</strong></span> <span class='ocrx_word' id='word_1_272' title='bbox 254 2242 486 2286; x_wconf 83' lang='lat' dir='ltr'><strong>mutilatos</strong></span> <span class='ocrx_word' id='word_1_273' title='bbox 515 2243 735 2287; x_wconf 86' lang='lat' dir='ltr'><strong>exhibent.</strong></span> <span class='ocrx_word' id='word_1_274' title='bbox 791 2240 878 2284; x_wconf 89' lang='lat' dir='ltr'><strong>Sed</strong></span> <span class='ocrx_word' id='word_1_275' title='bbox 896 2256 988 2285; x_wconf 91' lang='lat' dir='ltr'><strong>non</strong></span> <span class='ocrx_word' id='word_1_276' title='bbox 1011 2241 1097 2285; x_wconf 85' lang='lat' dir='ltr'><strong>fuit</strong></span> <span class='ocrx_word' id='word_1_277' title='bbox 1118 2241 1301 2285; x_wconf 85' lang='lat' dir='ltr'><strong>difficile</strong></span> <span class='ocrx_word' id='word_1_278' title='bbox 1318 2278 1329 2299; x_wconf 89' lang='lat'>,</span> <span class='ocrx_word' id='word_1_279' title='bbox 1354 2258 1378 2284; x_wconf 89' lang='lat' dir='ltr'><strong>e</strong></span> <span class='ocrx_word' id='word_1_280' title='bbox 1402 2258 1565 2287; x_wconf 86' lang='lat' dir='ltr'><strong>vocum</strong></span> 
     </span>
     <span class='ocr_line' id='line_1_34' title="bbox 108 2306 1565 2365; baseline 0.001 -15"><span class='ocrx_word' id='word_1_281' title='bbox 108 2306 352 2350; x_wconf 81' lang='lat' dir='ltr'><strong>amiss&#39;arum</strong></span> <span class='ocrx_word' id='word_1_282' title='bbox 369 2307 570 2364; x_wconf 85' lang='lat' dir='ltr'><strong>reliquiis</strong></span> <span class='ocrx_word' id='word_1_283' title='bbox 592 2307 793 2364; x_wconf 90' lang='lat' dir='ltr'><strong>supplere</strong></span> <span class='ocrx_word' id='word_1_284' title='bbox 807 2341 820 2361; x_wconf 85' lang='lat'>,</span> <span class='ocrx_word' id='word_1_285' title='bbox 834 2307 955 2364; x_wconf 89' lang='lat' dir='ltr'><strong>quod</strong></span> <span class='ocrx_word' id='word_1_286' title='bbox 977 2308 1183 2364; x_wconf 86' lang='lat' dir='ltr'><strong>perierat.</strong></span> <span class='ocrx_word' id='word_1_287' title='bbox 1216 2309 1365 2365; x_wconf 86' lang='lat' dir='ltr'><strong>Atque</strong></span> <span class='ocrx_word' id='word_1_288' title='bbox 1386 2308 1471 2350; x_wconf 93' lang='lat' dir='ltr'><strong>hoc</strong></span> <span class='ocrx_word' id='word_1_289' title='bbox 1486 2323 1565 2351; x_wconf 86' lang='lat' dir='ltr'><strong>an-</strong></span> 
     </span>
     <span class='ocr_line' id='line_1_35' title="bbox 90 2371 1564 2429; baseline 0 -14"><span class='ocrx_word' id='word_1_290' title='bbox 90 2380 154 2415; x_wconf 80' lang='lat' dir='ltr'><strong>&#39;te</strong></span> <span class='ocrx_word' id='word_1_291' title='bbox 175 2387 257 2415; x_wconf 87' lang='lat' dir='ltr'><strong>nos</strong></span> <span class='ocrx_word' id='word_1_292' title='bbox 279 2372 465 2415; x_wconf 87' lang='lat' dir='ltr'><strong>Fuluius</strong></span> <span class='ocrx_word' id='word_1_293' title='bbox 489 2386 667 2429; x_wconf 89' lang='lat' dir='ltr'><strong>quoque</strong></span> <span class='ocrx_word' id='word_1_294' title='bbox 688 2371 871 2418; x_wconf 68' lang='lat' dir='ltr'><strong>Vrsinus</strong></span> <span class='ocrx_word' id='word_1_295' title='bbox 898 2372 1035 2428; x_wconf 84' lang='lat' dir='ltr'><strong>vidit,</strong></span> <span class='ocrx_word' id='word_1_296' title='bbox 1070 2374 1138 2415; x_wconf 91' lang='lat' dir='ltr'><strong>vir</strong></span> <span class='ocrx_word' id='word_1_297' title='bbox 1167 2373 1302 2429; x_wconf 86' lang='lat' dir='ltr'><strong>longe</strong></span> <span class='ocrx_word' id='word_1_298' title='bbox 1331 2372 1564 2416; x_wconf 85' lang='lat' dir='ltr'><strong>eruditifli-</strong></span> 
     </span>
     <span class='ocr_line' id='line_1_36' title="bbox 105 2436 1561 2510; baseline 0 -30"><span class='ocrx_word' id='word_1_299' title='bbox 105 2452 206 2482; x_wconf 89' lang='lat' dir='ltr'><strong>mus</strong></span> <span class='ocrx_word' id='word_1_300' title='bbox 225 2452 274 2480; x_wconf 90' lang='lat' dir='ltr'><strong>ac</strong></span> <span class='ocrx_word' id='word_1_301' title='bbox 296 2436 598 2510; x_wconf 66' lang='lat' dir='ltr'><strong>probissimus,</strong></span> <span class='ocrx_word' id='word_1_302' title='bbox 636 2446 682 2480; x_wconf 88' lang='lat' dir='ltr'><strong>et</strong></span> <span class='ocrx_word' id='word_1_303' title='bbox 709 2438 783 2494; x_wconf 89' lang='lat' dir='ltr'><strong>qui</strong></span> <span class='ocrx_word' id='word_1_304' title='bbox 808 2437 860 2478; x_wconf 90' lang='lat' dir='ltr'><strong>de</strong></span> <span class='ocrx_word' id='word_1_305' title='bbox 883 2451 1044 2493; x_wconf 88' lang='lat' dir='ltr'><strong>magno</strong></span> <span class='ocrx_word' id='word_1_306' title='bbox 1069 2437 1156 2480; x_wconf 91' lang='lat' dir='ltr'><strong>hoc</strong></span> <span class='ocrx_word' id='word_1_307' title='bbox 1189 2439 1401 2494; x_wconf 87' lang='lat' dir='ltr'><strong>scriptore</strong></span> <span class='ocrx_word' id='word_1_308' title='bbox 1432 2452 1561 2495; x_wconf 90' lang='lat' dir='ltr'><strong>quam</strong></span> 
     </span>
     <span class='ocr_line' id='line_1_37' title="bbox 105 2500 1562 2560; baseline 0.001 -16"><span class='ocrx_word' id='word_1_309' title='bbox 105 2503 275 2560; x_wconf 87' lang='lat' dir='ltr'><strong>optime</strong></span> <span class='ocrx_word' id='word_1_310' title='bbox 289 2503 467 2545; x_wconf 77' lang='lat' dir='ltr'><strong>meruit</strong></span> <span class='ocrx_word' id='word_1_311' title='bbox 503 2502 675 2559; x_wconf 89' lang='lat' dir='ltr'><strong>Scripta</strong></span> <span class='ocrx_word' id='word_1_312' title='bbox 697 2500 849 2557; x_wconf 60' lang='lat' dir='ltr'><strong>lectio,</strong></span> <span class='ocrx_word' id='word_1_313' title='bbox 869 2501 899 2544; x_wconf 89' lang='lat' dir='ltr'>fi</span> <span class='ocrx_word' id='word_1_314' title='bbox 911 2502 1021 2558; x_wconf 87' lang='lat' dir='ltr'><strong>quis</strong></span> <span class='ocrx_word' id='word_1_315' title='bbox 1034 2516 1128 2545; x_wconf 83' lang='lat' dir='ltr'><strong>earn</strong></span> <span class='ocrx_word' id='word_1_316' title='bbox 1141 2504 1347 2558; x_wconf 87' lang='lat' dir='ltr'><strong>requirat,</strong></span> <span class='ocrx_word' id='word_1_317' title='bbox 1368 2517 1457 2559; x_wconf 90' lang='lat' dir='ltr'><strong>quo</strong></span> <span class='ocrx_word' id='word_1_318' title='bbox 1468 2516 1562 2545; x_wconf 86' lang='lat' dir='ltr'><strong>me-</strong></span> 
     </span>
     <span class='ocr_line' id='line_1_38' title="bbox 103 2566 1560 2624; baseline 0.001 -14"><span class='ocrx_word' id='word_1_319' title='bbox 103 2568 192 2610; x_wconf 87' lang='lat' dir='ltr'><strong>iius</strong></span> <span class='ocrx_word' id='word_1_320' title='bbox 212 2568 378 2624; x_wconf 83' lang='lat' dir='ltr'><strong>aliquid</strong></span> <span class='ocrx_word' id='word_1_321' title='bbox 399 2568 610 2623; x_wconf 84' lang='lat' dir='ltr'><strong>excudat,</strong></span> <span class='ocrx_word' id='word_1_322' title='bbox 631 2566 740 2609; x_wconf 87' lang='lat' dir='ltr'><strong>haec</strong></span> <span class='ocrx_word' id='word_1_323' title='bbox 762 2566 889 2610; x_wconf 87' lang='lat' dir='ltr'><strong>estin</strong></span> <span class='ocrx_word' id='word_1_324' title='bbox 903 2567 1030 2623; x_wconf 85' lang='lat' dir='ltr'><strong>regio</strong></span> <span class='ocrx_word' id='word_1_325' title='bbox 1059 2568 1239 2622; x_wconf 87' lang='lat' dir='ltr'><strong>codice,</strong></span> <span class='ocrx_word' id='word_1_326' title='bbox 1261 2568 1474 2610; x_wconf 87' lang='lat' dir='ltr'><strong>Bauarico</strong></span> <span class='ocrx_word' id='word_1_327' title='bbox 1490 2578 1560 2623; x_wconf 91' lang='lat' dir='ltr'><strong>‚et</strong></span> 
     </span>
     <span class='ocr_line' id='line_1_39' title="bbox 104 2629 1562 2690; baseline 0.002 -15"><span class='ocrx_word' id='word_1_328' title='bbox 104 2647 231 2686; x_wconf 88' lang='lat' dir='ltr'><strong>meo,</strong></span> <span class='ocrx_word' id='word_1_329' title='bbox 263 2633 339 2690; x_wconf 89' lang='lat' dir='ltr'><strong>qui</strong></span> <span class='ocrx_word' id='word_1_330' title='bbox 370 2633 515 2675; x_wconf 90' lang='lat' dir='ltr'><strong>neutri</strong></span> <span class='ocrx_word' id='word_1_331' title='bbox 548 2632 745 2675; x_wconf 87' lang='lat' dir='ltr'><strong>bonitate</strong></span> <span class='ocrx_word' id='word_1_332' title='bbox 775 2632 916 2686; x_wconf 89' lang='lat' dir='ltr'><strong>cedit,</strong></span> <span class='ocrx_word' id='word_1_333' title='bbox 946 2629 1071 2689; x_wconf 71' lang='grc' dir='ltr'><strong><em>χεδον</em></strong></span> <span class='ocrx_word' id='word_1_334' title='bbox 1103 2634 1147 2676; x_wconf 81' lang='grc' dir='ltr'><strong>δὲ</strong></span> <span class='ocrx_word' id='word_1_335' title='bbox 1174 2629 1312 2677; x_wconf 66' lang='grc' dir='ltr'><strong><em>πᾶσαν</em></strong></span> <span class='ocrx_word' id='word_1_336' title='bbox 1331 2634 1562 2687; x_wconf 62' lang='grc' dir='ltr'><strong><em>πεποτμένο</em></strong></span> 
     </span>
    </p>
   </div>
   <div class='ocr_carea' id='block_1_4' title="bbox 101 2693 1561 2885">
    <p class='ocr_par' dir='ltr' id='par_1_6' title="bbox 101 2693 1561 2885">
     <span class='ocr_line' id='line_1_40' title="bbox 101 2693 1560 2756; baseline -0.001 -13"><span class='ocrx_word' id='word_1_337' title='bbox 101 2696 176 2755; x_wconf 74' lang='grc' dir='ltr'><strong>τήν</strong></span> <span class='ocrx_word' id='word_1_338' title='bbox 200 2698 407 2756; x_wconf 65' lang='grc' dir='ltr'><strong><em>οἶκκμένην</em></strong></span> <span class='ocrx_word' id='word_1_339' title='bbox 430 2693 601 2755; x_wconf 74' lang='grc' dir='ltr'><strong><em>ὑπήκοον</em></strong></span> <span class='ocrx_word' id='word_1_340' title='bbox 632 2698 765 2747; x_wconf 64' lang='grc' dir='ltr'><strong><em>αὐτοῖς</em></strong></span> <span class='ocrx_word' id='word_1_341' title='bbox 800 2729 1044 2739; x_wconf 89' lang='grc'><strong>........</strong></span> <span class='ocrx_word' id='word_1_342' title='bbox 1076 2694 1146 2741; x_wconf 55' lang='lat' dir='ltr'><strong>rev</strong></span> <span class='ocrx_word' id='word_1_343' title='bbox 1174 2700 1252 2751; x_wconf 82' lang='grc' dir='ltr'><strong>μὲν</strong></span> <span class='ocrx_word' id='word_1_344' title='bbox 1275 2701 1356 2748; x_wconf 78' lang='grc' dir='ltr'><strong>τοῖς</strong></span> <span class='ocrx_word' id='word_1_345' title='bbox 1388 2730 1560 2742; x_wconf 65' lang='grc'><strong>.......</strong></span> 
     </span>
     <span class='ocr_line' id='line_1_41' title="bbox 104 2763 1559 2818; baseline 0 -11"><span class='ocrx_word' id='word_1_346' title='bbox 104 2781 167 2807; x_wconf 78' lang='grc' dir='ltr'><strong>σιν</strong></span> <span class='ocrx_word' id='word_1_347' title='bbox 189 2764 319 2807; x_wconf 72' lang='grc' dir='ltr'><strong><em>α’νυπε</em></strong></span> <span class='ocrx_word' id='word_1_348' title='bbox 341 2795 538 2806; x_wconf 86' lang='grc'><strong>........</strong></span> <span class='ocrx_word' id='word_1_349' title='bbox 562 2764 643 2811; x_wconf 52' lang='lat' dir='ltr'><strong>‘roffi</strong></span> <span class='ocrx_word' id='word_1_350' title='bbox 654 2768 761 2813; x_wconf 76' lang='grc' dir='ltr'><em>ἐπιγι</em></span> <span class='ocrx_word' id='word_1_351' title='bbox 787 2794 948 2804; x_wconf 88' lang='grc'><strong>.......</strong></span> <span class='ocrx_word' id='word_1_352' title='bbox 971 2763 1131 2818; x_wconf 76' lang='grc' dir='ltr'><strong><em>ὁχηνκοι</em></strong></span> <span class='ocrx_word' id='word_1_353' title='bbox 1154 2795 1295 2805; x_wconf 89' lang='grc'><strong>......</strong></span> <span class='ocrx_word' id='word_1_354' title='bbox 1316 2765 1431 2813; x_wconf 76' lang='grc' dir='ltr'><strong><em>δυνας</em></strong></span> <span class='ocrx_word' id='word_1_355' title='bbox 1452 2795 1559 2807; x_wconf 90' lang='grc'><strong>.....</strong></span> 
     </span>
     <span class='ocr_line' id='line_1_42' title="bbox 104 2824 1561 2885; baseline 0 -14"><span class='ocrx_word' id='word_1_356' title='bbox 104 2830 181 2881; x_wconf 84' lang='grc' dir='ltr'><strong>μὲν</strong></span> <span class='ocrx_word' id='word_1_357' title='bbox 200 2847 244 2872; x_wconf 89' lang='grc' dir='ltr'><strong>το</strong></span> <span class='ocrx_word' id='word_1_358' title='bbox 267 2860 408 2870; x_wconf 92' lang='grc'><em>......</em></span> <span class='ocrx_word' id='word_1_359' title='bbox 434 2824 516 2883; x_wconf 73' lang='grc' dir='ltr'><strong>φῆς</strong></span> <span class='ocrx_word' id='word_1_360' title='bbox 534 2827 619 2883; x_wconf 69' lang='grc' dir='ltr'><strong>ἔςοᾳ</strong></span> <span class='ocrx_word' id='word_1_361' title='bbox 643 2828 869 2885; x_wconf 67' lang='grc' dir='ltr'><strong><em>σκφέςερον</em></strong></span> <span class='ocrx_word' id='word_1_362' title='bbox 889 2824 1109 2872; x_wconf 72' lang='grc' dir='ltr'><strong><em>κατανοᾶν.</em></strong></span> <span class='ocrx_word' id='word_1_363' title='bbox 1166 2826 1447 2871; x_wconf 71' lang='lat' dir='ltr'><strong>Seru-animus</strong></span> <span class='ocrx_word' id='word_1_364' title='bbox 1479 2844 1561 2871; x_wconf 78' lang='lat' dir='ltr'><strong>ex-</strong></span> 
     </span>
    </p>
   </div>
   <div class='ocr_carea' id='block_1_5' title="bbox 106 2891 1565 3005">
    <p class='ocr_par' dir='ltr' id='par_1_7' title="bbox 106 2891 1565 3005">
     <span class='ocr_line' id='line_1_43' title="bbox 106 2891 1561 2949; baseline 0.002 -16"><span class='ocrx_word' id='word_1_365' title='bbox 106 2891 204 2934; x_wconf 63' lang='lat' dir='ltr'><strong>aste</strong></span> <span class='ocrx_word' id='word_1_366' title='bbox 229 2893 411 2936; x_wconf 88' lang='lat' dir='ltr'><strong>modum</strong></span> <span class='ocrx_word' id='word_1_367' title='bbox 427 2892 763 2935; x_wconf 78' lang='lat' dir='ltr'><strong>interuallorum</strong></span> <span class='ocrx_word' id='word_1_368' title='bbox 779 2925 791 2947; x_wconf 88' lang='lat'>,</span> <span class='ocrx_word' id='word_1_369' title='bbox 826 2905 953 2949; x_wconf 86' lang='lat' dir='ltr'><strong>quem</strong></span> <span class='ocrx_word' id='word_1_370' title='bbox 977 2892 1024 2933; x_wconf 91' lang='lat' dir='ltr'><strong>in</strong></span> <span class='ocrx_word' id='word_1_371' title='bbox 1053 2892 1251 2935; x_wconf 86' lang='lat' dir='ltr'><strong>melioris</strong></span> <span class='ocrx_word' id='word_1_372' title='bbox 1275 2904 1408 2937; x_wconf 84' lang='lat' dir='ltr'><strong>notae</strong></span> <span class='ocrx_word' id='word_1_373' title='bbox 1438 2895 1561 2936; x_wconf 90' lang='lat' dir='ltr'><strong>libris</strong></span> 
     </span>
     <span class='ocr_line' id='line_1_44' title="bbox 912 2957 1565 3005; baseline 0.002 -5"><span class='ocrx_word' id='word_1_374' title='bbox 912 2957 954 3000; x_wconf 77' lang='lat' dir='ltr'>A</span> <span class='ocrx_word' id='word_1_375' title='bbox 970 2970 993 2997; x_wconf 87' lang='lat' dir='ltr'><strong>a</strong></span> <span class='ocrx_word' id='word_1_376' title='bbox 1007 2971 1031 2998; x_wconf 87' lang='lat' dir='ltr'><strong>a</strong></span> <span class='ocrx_word' id='word_1_377' title='bbox 1064 2970 1082 3005; x_wconf 82' lang='lat'><em>3</em></span> <span class='ocrx_word' id='word_1_378' title='bbox 1436 2959 1565 3001; x_wconf 88' lang='lat' dir='ltr'><strong>inue-</strong></span> 
     </span>
    </p>
   </div>
  </div>
 </body>
</html>
