1676 3158
0 26 42 67 {j
48 38 60 67 ‘a
70 38 104 80 †t
115 48 127 71 :¹⁷
138 28 216 71 ⁴15⁴(
225 27 236 74 jv
258 41 264 47 .

46 126 52 136 ’
108 167 113 169 .
144 119 273 175 2*
311 88 672 171 comm.
695 87 804 170 ⁵1³1<ss
828 92 1237 173 Potrssivms
1402 137 1485 183 751

34 234 309 329 &rgentum
324 245 404 292 ina
421 252 568 290 aetate
589 259 739 289 rerum
759 245 1056 291 Romanarum
1083 252 1209 290 erant
1229 245 1495 305 imperitiffi-

32 304 187 371 fflijvt
196 306 433 370 propterea
453 312 590 356 fuerit
612 310 799 369 Polybio
819 310 1011 364 necess‘e‚
1034 310 1173 368 longe
1193 313 1303 355 adeo
1326 311 1495 370 princi-

32 372 233 434 pifffflae
249 374 457 421 historiae
478 386 694 435 repetere.
740 375 864 420 Haec
894 386 1043 420 autem
1073 376 1134 420 est
1156 377 1291 434 ipfius
1313 391 1496 436 appara-

32 447 113 487 εικ-
125 441 383 500 parsprior.

8 531 10 534 -
59 499 63 502 ’
127 505 237 554 ibid.
268 500 335 552 fua
354 503 411 565 μῆ
431 501 504 566 τῆς
523 506 655 558 αἰτίας
673 505 807 551 αἰτίαν
819 497 1060 566 ἐπιζητέσηε
1072 538 1084 560 ,
1105 503 1356 557 οἷνυπόςοιτος
1374 508 1400 565 ἦ
1423 503 1497 562 τ’ἧς

35 567 132 628 ’ὅλης
152 572 392 622 ὖτοθέσεως
409 569 525 632 α’ρχῆ
547 572 710 629 γένηται]
727 573 800 629 χρᾷ
818 565 1012 630 Sampson.)
1048 565 1091 616 V
1093 580 1111 613 t
1129 571 1408 627 intelligatur
1419 571 1495 614 hic

34 636 192 690 locus,
217 636 451 680 discrimen
473 636 634 694 triplex
652 637 699 681 in
725 644 822 680 tota
853 636 1029 692 Polybii
1063 636 1303 693 scriptione
1336 636 1399 679 est
1417 636 1498 679 ob-

36 701 325 746 seruandum:
370 715 471 745 nam
503 710 550 745 et
582 710 728 760 partes
763 701 887 745 illius
923 701 1247 757 quodammodo
1274 700 1371 744 sunt
1392 711 1500 746 tres,

36 764 186 813 Prima
205 774 251 809 et
273 768 533 824 praecipua,
556 780 686 824 quam
704 766 795 823 ipse
820 766 1013 823 appellat
1034 766 1155 810 suam
1175 765 1398 809 historiam
1413 800 1425 820 ,
1448 774 1498 810 vt

38 830 250 889 primario
272 846 297 872 a
314 832 358 875 se
378 832 647 889 susceptamz
699 832 837 874 altera
868 830 928 874 est
947 830 1220 888 praeparatio
1247 831 1302 873 ad
1333 830 1497 875 iustum

40 909 181 952 opus,
204 904 251 941 et
271 897 419 953 illam,
441 911 571 954 quam
591 897 780 940 diximus
801 896 1048 940 historiam:
1080 897 1211 938 tertia
1222 896 1499 953 praeparatio

38 961 408 1019 praeparationis,
428 970 477 1006 vt
498 961 556 1004 fic
581 963 737 1005 dicam.
800 961 1183 1015 Quemadmodum
1212 961 1330 1003 enim
1349 960 1502 1017 legiti-

39 1038 139 1068 mae
158 1026 364 1078 historiae
396 1025 540 1083 gratia
563 1026 793 1069 adhibetur
821 1026 1119 1083 praeparatio,
1141 1034 1191 1070 vt
1219 1033 1353 1083 caput
1378 1026 1501 1069 illius

43 1100 178 1148 atque
208 1091 477 1150 principium
505 1091 584 1135 fiat
613 1092 788 1135 notius:
844 1091 901 1133 fic
928 1099 977 1133 vt
1004 1091 1164 1134 melius
1196 1092 1504 1147 perciperetur

43 1165 181 1213 caput
207 1156 342 1213 ipfius
372 1165 635 1215 apparatus,
665 1169 804 1213 pauca
834 1166 1037 1212 repetere
1058 1156 1193 1199 altius
1222 1155 1283 1198 est
1305 1154 1504 1201 coaetus.

42 1219 216 1264 Harum
231 1221 371 1278 igitur
389 1222 525 1266 trium
545 1222 735 1278 partium
753 1219 958 1263 traGtatio
980 1222 1115 1277 longe
1138 1220 1198 1264 est
1212 1219 1504 1266 diuerfiffima.

42 1284 96 1329 In
117 1285 351 1343 principali
370 1286 550 1329 historia
570 1301 659 1329 non
679 1286 819 1330 solum
842 1300 915 1328 res
939 1285 1082 1341 gestae
1100 1286 1405 1342 explicantur,
1429 1286 1506 1328 sed

45 1351 181 1394 etiam
213 1349 380 1395 caussae
412 1366 593 1405 ornnes,
637 1365 722 1409 qua
754 1352 1113 1406 antecedentes‚'
1142 1365 1226 1407 qua
1258 1364 1505 1406 connexae,

44 1417 244 1474 itemque
266 1430 414 1459 rerum
435 1426 623 1460 euentus
648 1424 694 1459 et
711 1413 767 1460 ταὶ
789 1411 1093 1474 ἐπιγεννήματα
1116 1430 1172 1458 ex
1205 1414 1398 1458 amussim
1419 1415 1507 1458 dis·

44 1489 273 1539 putantur.
354 1481 408 1524 In
445 1481 781 1538 praeparatione
821 1481 969 1524 leuius
1013 1479 1180 1524 caufl'ae
1215 1482 1508 1537 attinguntur,

48 1555 267 1604 quantum
288 1546 392 1589 satis
416 1546 477 1590 est
497 1548 550 1589 ad
572 1546 704 1589 fidem
727 1546 969 1589 narrationi
1005 1545 1253 1589 faciendam
1283 1554 1330 1588 et
1358 1547 1507 1590 lucem

48 1612 163 1668 parti
184 1612 418 1668 principali
438 1609 764 1654 foenerandam.
824 1610 877 1654 In
898 1612 1029 1654 tertia
1042 1626 1170 1668 quarn
1194 1611 1386 1654 diximus
1410 1625 1508 1668 par-

50 1684 96 1719 te
111 1708 123 1731 ‚
141 1676 196 1718 de
215 1676 304 1719 fide
327 1677 594 1720 narrationis
613 1691 703 1720 non
724 1676 966 1723 laboratur:
1017 1677 1091 1719 sed
1111 1686 1283 1720 tantum
1303 1677 1356 1718 ad
1378 1690 1508 1733 prae-

50 1742 325 1798 parationem
346 1740 510 1785 lettori
527 1743 598 1785 via
622 1742 842 1786 sternitur.
875 1741 963 1783 hoc
988 1740 1073 1796 est,
1108 1743 1226 1799 quod
1258 1741 1402 1784 verbis
1428 1756 1507 1784 an·-
1553 1779 1563 1788 ,

48 1806 353 1850 tecedentibus
373 1807 545 1850 dicebat
564 1806 804 1863 Polybiu8‚
838 1807 981 1865 ῥητέον
1011 1803 1137 1864 αὗτήν
1166 1803 1240 1864 τήν
1265 1804 1336 1864 τῆς
1363 1802 1511 1863 bufiol-

52 1889 153 1921 σεως
174 1871 310 1916 αἰτίαν
327 1869 472 1930 ψιλῶς.
514 1871 700 1929 fimplici
730 1872 875 1928 inquit
907 1873 1159 1914 narratione
1188 1886 1368 1926 eorum,
1398 1885 1510 1928 quae

49 1936 278 1980 transitum
294 1931 596 1980 Romanorum
615 1939 660 1979 in
682 1935 882 1980 Siciliam*
905 1936 1247 1993 praecesserunt,
1276 1937 1511 1994 aperienda

52 1997 196 2045 cauffa
215 2002 276 2045 est
294 2001 425 2058 ipfius
446 2002 652 2046 transitus
667 2036 678 2056 ‚
713 2002 833 2057 quod
855 2001 915 2044 est
935 2012 1068 2059 caput
1089 2003 1433 2059 praeparationis
1454 2003 1511 2044 ad

50 2067 212 2110 iustum
237 2080 362 2123 opus.
397 2075 442 2109 at
461 2066 590 2110 huius
615 2065 782 2110 caussae
803 2065 989 2110 caufl'arn
1007 2081 1097 2110 non
1119 2080 1394 2124 quaeremus.
1436 2081 1512 2110 ca-

52 2140 157 2189 ptae
178 2146 203 2173 a
225 2127 366 2174 Gallis
383 2131 550 2175 Romae
578 2131 764 2174 caussam
791 2146 881 2174 non
912 2128 1158 2176 afferemus.
1199 2145 1300 2175 nam
1331 2131 1363 2174 fi
1385 2132 1511 2175 istius

54 2210 236 2254 quoque
257 2196 425 2241 caufl'ae
459 2196 647 2241 causs'am
671 2197 972 2252 requiremus3
1012 2197 1163 2254 fieret,
1190 2198 1252 2240 ait
1279 2196 1511 2253 Polybius,

57 2262 83 2318 ἧ
107 2260 182 2317 τῆς
198 2255 294 2319 ἴλης
311 2262 550 2313 ὑποθέσεως
570 2262 686 2321 α’ρχή
709 2256 972 2312 οἰνυπίςοιτος.
1018 2259 1198 2305 Graecis
1229 2259 1420 2311 ὑπόςασις
1450 2262 1512 2305 est

58 2325 183 2370 astus
202 2323 472 2383 subfistendi‚
493 2335 539 2370 et
557 2327 742 2379 firmiter
764 2327 993 2382 manendi,
1015 2339 1091 2370 aut
1110 2327 1339 2371 fulciendi.
1372 2327 1515 2369 inter-

57 2391 161 2434 dum
183 2392 375 2435 refertur
395 2393 448 2434 ad
471 2393 561 2435 vim
588 2391 804 2435 refistendi
835 2392 1084 2436 aduersario
1118 2392 1351 2435 obnitenti.
1397 2392 1513 2434 vnde
1583 2385 1586 2387 ’

57 2452 303 2502 οἶνυπὸςατοι
325 2460 532 2500 dicuntur
546 2492 557 2513 ‚
594 2471 780 2513 quorum
805 2457 872 2499 vis
898 2457 959 2500 est
979 2457 1270 2500 intolerabilis
1287 2491 1299 2511 ,
1329 2464 1373 2498 et
1394 2456 1516 2500 susti·

59 2522 157 2563 neri
180 2535 271 2564 non
289 2521 431 2579 potest
446 2556 457 2576 ‚
480 2531 530 2566 vt
548 2522 708 2565 alicubi
730 2522 864 2565 vertit
884 2521 1055 2566 Liuius.
1099 2522 1200 2563 alibi
1224 2523 1360 2564 verbo
1381 2519 1516 2579 subsi-

48 2585 162 2644 stere
181 2587 335 2630 vtitur.
371 2582 528 2645 ἐνέγκῃ
553 2584 803 2637 οἰνυπόςατος
826 2582 1146 2642 Xenophonti,
1179 2585 1408 2633 neceffitas
1442 2586 1519 2631 cui

62 2651 211 2694 omnia
240 2653 418 2696 cedunt.
453 2653 575 2694 <ideo
609 2648 791 2710 σκληροὶν
828 2660 874 2694 et
904 2650 1048 2709 s-sp'p'dv
1078 2660 1239 2707 poetae
1279 2649 1522 2708 appellantj

57 2715 289 2759 Interdum
302 2716 520 2773 fignificat
540 2713 733 2767 ὑπόςασις
751 2716 1019 2773 principium
1031 2750 1042 2769 ‚
1057 2716 1128 2758 cui
1147 2730 1232 2758 ceu
1244 2716 1327 2759 bafi
1343 2717 1519 2760 vniuer-

60 2779 156 2823 sum
185 2787 308 2839 opus{
332 2781 550 2830 innititur.
614 2781 748 2823 Libro
770 2796 842 2825 1v.
876 2782 929 2823 de
959 2781 1105 2838 operis
1140 2781 1271 2823 huius
1294 2782 1518 2839 principio

60 2842 270 2902 loquens:
303 2847 493 2906 καλίςην
515 2841 708 2893 &mk-ww
723 2842 1087 2902 ὑπολαμβάνοντες
1105 2839 1203 2903 ἔνη
1221 2842 1384 2907 ταύτην.
1418 2845 1520 2890 Ali-

1340 2914 1519 2968 quando
