<?xml version="1.0" encoding="UTF-8"?>
<!DOCTYPE html PUBLIC "-//W3C//DTD XHTML 1.0 Transitional//EN"
    "http://www.w3.org/TR/xhtml1/DTD/xhtml1-transitional.dtd">
<html xmlns="http://www.w3.org/1999/xhtml" xml:lang="en" lang="en">
 <head>
  <title>
</title>
<meta http-equiv="Content-Type" content="text/html;charset=utf-8" />
  <meta name='ocr-system' content='tesseract 3.04.00' />
  <meta name='ocr-capabilities' content='ocr_page ocr_carea ocr_par ocr_line ocrx_word'/>
</head>
<body>
  <div class='ocr_page' id='page_1' title='image "./historiarumquaes01polyuoft_0014.png"; bbox 0 0 1768 3198; ppageno 0'>
   <div class='ocr_carea' id='block_1_1' title="bbox 220 217 1257 276">
    <p class='ocr_par' dir='ltr' id='par_1_1' title="bbox 220 217 1257 276">
     <span class='ocr_line' id='line_1_1' title="bbox 220 217 1257 276; baseline -0.01 0"><span class='ocrx_word' id='word_1_1' title='bbox 220 243 257 276; x_wconf 81' lang='lat' dir='ltr'>x</span> <span class='ocrx_word' id='word_1_2' title='bbox 636 217 1257 272; x_wconf 71' lang='lat' dir='ltr'><strong>PRAEFATIO.</strong></span> 
     </span>
    </p>
   </div>
   <div class='ocr_carea' id='block_1_2' title="bbox 1595 335 1603 344">
    <p class='ocr_par' dir='ltr' id='par_1_2' title="bbox 1595 335 1603 344">
     <span class='ocr_line' id='line_1_2' title="bbox 1595 335 1603 344; baseline -0.125 0"><span class='ocrx_word' id='word_1_3' title='bbox 1595 335 1603 344; x_wconf 68' lang='grc' dir='ltr'>,ι</span> 
     </span>
    </p>
   </div>
   <div class='ocr_carea' id='block_1_3' title="bbox 223 333 1678 434">
    <p class='ocr_par' dir='ltr' id='par_1_3' title="bbox 223 333 1678 434">
     <span class='ocr_line' id='line_1_3' title="bbox 223 333 1678 434; baseline -0.015 -23"><span class='ocrx_word' id='word_1_4' title='bbox 223 342 289 411; x_wconf 74' lang='lat' dir='ltr'>&#39;tis</span> <span class='ocrx_word' id='word_1_5' title='bbox 311 354 519 421; x_wconf 78' lang='lat' dir='ltr'>ceteriS,</span> <span class='ocrx_word' id='word_1_6' title='bbox 558 365 644 407; x_wconf 90' lang='lat' dir='ltr'>aut</span> <span class='ocrx_word' id='word_1_7' title='bbox 663 348 952 406; x_wconf 74' lang='lat' dir='ltr'>Platonicae</span> <span class='ocrx_word' id='word_1_8' title='bbox 974 349 1028 403; x_wconf 90' lang='lat' dir='ltr'>in</span> <span class='ocrx_word' id='word_1_9' title='bbox 1051 346 1238 400; x_wconf 80' lang='lat' dir='ltr'><em>Philone</em></span> <span class='ocrx_word' id='word_1_10' title='bbox 1269 333 1678 434; x_wconf 39' lang='lat' dir='ltr'>legendogssquo</span> 
     </span>
    </p>
   </div>
   <div class='ocr_carea' id='block_1_4' title="bbox 222 422 1681 508">
    <p class='ocr_par' dir='ltr' id='par_1_4' title="bbox 222 422 1681 508">
     <span class='ocr_line' id='line_1_4' title="bbox 222 422 1681 508; baseline -0.008 -16"><span class='ocrx_word' id='word_1_11' title='bbox 222 433 420 504; x_wconf 81' lang='lat' dir='ltr'>mode,</span> <span class='ocrx_word' id='word_1_12' title='bbox 453 435 541 508; x_wconf 83' lang='lat' dir='ltr'>qui</span> <span class='ocrx_word' id='word_1_13' title='bbox 563 448 853 503; x_wconf 76' lang='lat' dir='ltr'>graecarum</span> <span class='ocrx_word' id='word_1_14' title='bbox 877 427 1134 484; x_wconf 85' lang='lat' dir='ltr'>literarum</span> <span class='ocrx_word' id='word_1_15' title='bbox 1167 423 1460 503; x_wconf 82' lang='lat' dir='ltr'>exquilitius</span> <span class='ocrx_word' id='word_1_16' title='bbox 1492 422 1681 502; x_wconf 67' lang='lat' dir='ltr'>cogni-</span> 
     </span>
    </p>
   </div>
   <div class='ocr_carea' id='block_1_5' title="bbox 191 493 1676 2997">
    <p class='ocr_par' dir='ltr' id='par_1_5' title="bbox 191 493 1676 2896">
     <span class='ocr_line' id='line_1_5' title="bbox 223 493 1676 587; baseline -0.004 -16"><span class='ocrx_word' id='word_1_17' title='bbox 223 528 390 571; x_wconf 84' lang='lat' dir='ltr'>tarum</span> <span class='ocrx_word' id='word_1_18' title='bbox 410 515 710 587; x_wconf 78' lang='lat' dir='ltr'>opinionem</span> <span class='ocrx_word' id='word_1_19' title='bbox 733 508 809 567; x_wconf 86' lang='lat' dir='ltr'>vel</span> <span class='ocrx_word' id='word_1_20' title='bbox 825 522 1051 583; x_wconf 82' lang='lat' dir='ltr'>appetat,</span> <span class='ocrx_word' id='word_1_21' title='bbox 1086 506 1166 563; x_wconf 87' lang='lat' dir='ltr'>vel</span> <span class='ocrx_word' id='word_1_22' title='bbox 1190 508 1304 563; x_wconf 77' lang='lat' dir='ltr'>latis</span> <span class='ocrx_word' id='word_1_23' title='bbox 1328 506 1566 567; x_wconf 70' lang='lat' dir='ltr'>titilinere</span> <span class='ocrx_word' id='word_1_24' title='bbox 1581 493 1676 566; x_wconf 77' lang='lat' dir='ltr'>cu-</span> 
     </span>
     <span class='ocr_line' id='line_1_6' title="bbox 222 585 1674 670; baseline -0.002 -21"><span class='ocrx_word' id='word_1_25' title='bbox 222 597 355 670; x_wconf 82' lang='lat' dir='ltr'>piat,</span> <span class='ocrx_word' id='word_1_26' title='bbox 395 592 535 648; x_wconf 86' lang='lat' dir='ltr'>rudis</span> <span class='ocrx_word' id='word_1_27' title='bbox 561 590 655 646; x_wconf 85' lang='lat' dir='ltr'>csse</span> <span class='ocrx_word' id='word_1_28' title='bbox 680 589 759 646; x_wconf 86' lang='lat' dir='ltr'>vel</span> <span class='ocrx_word' id='word_1_29' title='bbox 791 589 942 663; x_wconf 78' lang='lat' dir='ltr'>possit</span> <span class='ocrx_word' id='word_1_30' title='bbox 975 587 1054 644; x_wconf 88' lang='lat' dir='ltr'>vel</span> <span class='ocrx_word' id='word_1_31' title='bbox 1089 585 1207 643; x_wconf 88' lang='lat' dir='ltr'>velit</span> <span class='ocrx_word' id='word_1_32' title='bbox 1240 604 1265 643; x_wconf 81' lang='lat' dir='ltr'>a</span> <span class='ocrx_word' id='word_1_33' title='bbox 1296 585 1567 660; x_wconf 82' lang='lat' dir='ltr'>Polybiana</span> <span class='ocrx_word' id='word_1_34' title='bbox 1598 587 1674 646; x_wconf 86' lang='lat' dir='ltr'>le·</span> 
     </span>
     <span class='ocr_line' id='line_1_7' title="bbox 223 665 1673 748; baseline -0.002 -18"><span class='ocrx_word' id='word_1_35' title='bbox 223 669 428 730; x_wconf 68' lang='lat' dir='ltr'>d‘lione?</span> <span class='ocrx_word' id='word_1_36' title='bbox 465 677 644 748; x_wconf 83' lang='lat' dir='ltr'>Neque</span> <span class='ocrx_word' id='word_1_37' title='bbox 666 688 792 726; x_wconf 88' lang='lat' dir='ltr'>vero</span> <span class='ocrx_word' id='word_1_38' title='bbox 817 666 1063 726; x_wconf 61' lang='lat' dir='ltr'>haclenus</span> <span class='ocrx_word' id='word_1_39' title='bbox 1083 683 1279 724; x_wconf 89' lang='lat' dir='ltr'>tantum</span> <span class='ocrx_word' id='word_1_40' title='bbox 1301 667 1454 725; x_wconf 88' lang='lat' dir='ltr'>verba</span> <span class='ocrx_word' id='word_1_41' title='bbox 1474 665 1673 742; x_wconf 84' lang='lat' dir='ltr'>Polybii</span> 
     </span>
     <span class='ocr_line' id='line_1_8' title="bbox 220 747 1673 828; baseline -0.001 -19"><span class='ocrx_word' id='word_1_42' title='bbox 220 750 460 823; x_wconf 65' lang='lat' dir='ltr'>crustant,</span> <span class='ocrx_word' id='word_1_43' title='bbox 498 768 552 807; x_wconf 88' lang='lat' dir='ltr'>vt</span> <span class='ocrx_word' id='word_1_44' title='bbox 583 749 944 824; x_wconf 75' lang='lat' dir='ltr'>intelligerem,</span> <span class='ocrx_word' id='word_1_45' title='bbox 991 747 1078 805; x_wconf 84' lang='lat' dir='ltr'>sed</span> <span class='ocrx_word' id='word_1_46' title='bbox 1097 768 1166 805; x_wconf 90' lang='lat' dir='ltr'>eo</span> <span class='ocrx_word' id='word_1_47' title='bbox 1188 748 1381 819; x_wconf 85' lang='lat' dir='ltr'>modo,</span> <span class='ocrx_word' id='word_1_48' title='bbox 1417 767 1575 828; x_wconf 84' lang='lat' dir='ltr'>quem</span> <span class='ocrx_word' id='word_1_49' title='bbox 1597 747 1673 807; x_wconf 82' lang='lat' dir='ltr'>as-</span> 
     </span>
     <span class='ocr_line' id='line_1_9' title="bbox 219 827 1671 906; baseline -0.003 -14"><span class='ocrx_word' id='word_1_50' title='bbox 219 832 357 892; x_wconf 75' lang='lat' dir='ltr'>sidua</span> <span class='ocrx_word' id='word_1_51' title='bbox 383 849 434 889; x_wconf 90' lang='lat' dir='ltr'>et</span> <span class='ocrx_word' id='word_1_52' title='bbox 453 833 686 888; x_wconf 86' lang='lat' dir='ltr'>diuturna</span> <span class='ocrx_word' id='word_1_53' title='bbox 708 829 1028 887; x_wconf 82' lang='lat' dir='ltr'>consuetudo</span> <span class='ocrx_word' id='word_1_54' title='bbox 1052 832 1100 885; x_wconf 91' lang='lat' dir='ltr'>in</span> <span class='ocrx_word' id='word_1_55' title='bbox 1126 827 1449 903; x_wconf 77' lang='lat' dir='ltr'>scriptoribus</span> <span class='ocrx_word' id='word_1_56' title='bbox 1475 832 1671 906; x_wconf 76' lang='lat' dir='ltr'>graecis</span> 
     </span>
     <span class='ocr_line' id='line_1_10' title="bbox 220 907 1674 990; baseline -0.001 -19"><span class='ocrx_word' id='word_1_57' title='bbox 220 913 488 990; x_wconf 79' lang='lat' dir='ltr'>latinisque</span> <span class='ocrx_word' id='word_1_58' title='bbox 507 915 697 971; x_wconf 80' lang='lat' dir='ltr'>Critica</span> <span class='ocrx_word' id='word_1_59' title='bbox 716 909 980 986; x_wconf 75' lang='lat' dir='ltr'>diligentia</span> <span class='ocrx_word' id='word_1_60' title='bbox 1001 907 1272 966; x_wconf 64' lang='lat' dir='ltr'>uastandis</span> <span class='ocrx_word' id='word_1_61' title='bbox 1295 922 1599 986; x_wconf 81' lang='lat' dir='ltr'>perpetuum</span> <span class='ocrx_word' id='word_1_62' title='bbox 1617 923 1674 969; x_wconf 84' lang='lat' dir='ltr'>et</span> 
     </span>
     <span class='ocr_line' id='line_1_11' title="bbox 219 987 1671 1061; baseline 0.001 -11"><span class='ocrx_word' id='word_1_63' title='bbox 219 993 422 1051; x_wconf 78' lang='lat' dir='ltr'>inlitum</span> <span class='ocrx_word' id='word_1_64' title='bbox 445 991 590 1061; x_wconf 85' lang='lat' dir='ltr'>fecit,</span> <span class='ocrx_word' id='word_1_65' title='bbox 632 991 736 1047; x_wconf 85' lang='lat' dir='ltr'>hoc</span> <span class='ocrx_word' id='word_1_66' title='bbox 760 992 858 1061; x_wconf 84' lang='lat' dir='ltr'>est,</span> <span class='ocrx_word' id='word_1_67' title='bbox 895 1005 951 1047; x_wconf 84' lang='lat' dir='ltr'>vt</span> <span class='ocrx_word' id='word_1_68' title='bbox 981 993 1155 1046; x_wconf 83' lang='lat' dir='ltr'>omnia</span> <span class='ocrx_word' id='word_1_69' title='bbox 1180 987 1244 1046; x_wconf 87' lang='lat' dir='ltr'>ad</span> <span class='ocrx_word' id='word_1_70' title='bbox 1275 1003 1467 1048; x_wconf 85' lang='lat' dir='ltr'>certam</span> <span class='ocrx_word' id='word_1_71' title='bbox 1486 988 1569 1048; x_wconf 77' lang='lat' dir='ltr'>vel</span> <span class='ocrx_word' id='word_1_72' title='bbox 1591 1009 1671 1051; x_wconf 74' lang='lat' dir='ltr'>re-</span> 
     </span>
     <span class='ocr_line' id='line_1_12' title="bbox 221 1067 1670 1147; baseline 0 -17"><span class='ocrx_word' id='word_1_73' title='bbox 221 1093 337 1130; x_wconf 89' lang='lat' dir='ltr'>rum</span> <span class='ocrx_word' id='word_1_74' title='bbox 364 1074 610 1147; x_wconf 85' lang='lat' dir='ltr'>ipsarum,</span> <span class='ocrx_word' id='word_1_75' title='bbox 633 1071 713 1127; x_wconf 89' lang='lat' dir='ltr'>vel</span> <span class='ocrx_word' id='word_1_76' title='bbox 734 1070 939 1127; x_wconf 86' lang='lat' dir='ltr'>dicendi</span> <span class='ocrx_word' id='word_1_77' title='bbox 960 1089 1198 1127; x_wconf 84' lang='lat' dir='ltr'>normam</span> <span class='ocrx_word' id='word_1_78' title='bbox 1229 1074 1520 1143; x_wconf 77' lang='lat' dir='ltr'>exigerem,</span> <span class='ocrx_word' id='word_1_79' title='bbox 1558 1084 1612 1129; x_wconf 83' lang='lat' dir='ltr'>et</span> <span class='ocrx_word' id='word_1_80' title='bbox 1630 1067 1670 1130; x_wconf 80' lang='lat' dir='ltr'>fi</span> 
     </span>
     <span class='ocr_line' id='line_1_13' title="bbox 219 1149 1670 1231; baseline 0.001 -22"><span class='ocrx_word' id='word_1_81' title='bbox 219 1154 343 1231; x_wconf 90' lang='lat' dir='ltr'>quid</span> <span class='ocrx_word' id='word_1_82' title='bbox 368 1156 476 1209; x_wconf 88' lang='lat' dir='ltr'>vitii</span> <span class='ocrx_word' id='word_1_83' title='bbox 498 1152 697 1221; x_wconf 80' lang='lat' dir='ltr'>inell‘et,</span> <span class='ocrx_word' id='word_1_84' title='bbox 737 1170 843 1210; x_wconf 90' lang='lat' dir='ltr'>non</span> <span class='ocrx_word' id='word_1_85' title='bbox 867 1150 1030 1207; x_wconf 91' lang='lat' dir='ltr'>modo</span> <span class='ocrx_word' id='word_1_86' title='bbox 1060 1150 1402 1209; x_wconf 86' lang='lat' dir='ltr'>animaduerte</span> <span class='ocrx_word' id='word_1_87' title='bbox 1459 1170 1542 1223; x_wconf 89' lang='lat' dir='ltr'>m,</span> <span class='ocrx_word' id='word_1_88' title='bbox 1580 1149 1670 1211; x_wconf 78' lang='lat' dir='ltr'>sed</span> 
     </span>
     <span class='ocr_line' id='line_1_14' title="bbox 219 1226 1672 1307; baseline 0.001 -17"><span class='ocrx_word' id='word_1_89' title='bbox 219 1238 403 1302; x_wconf 85' lang='lat' dir='ltr'>etiam,</span> <span class='ocrx_word' id='word_1_90' title='bbox 439 1231 475 1290; x_wconf 84' lang='lat' dir='ltr'>fi</span> <span class='ocrx_word' id='word_1_91' title='bbox 500 1226 719 1307; x_wconf 81' lang='lat' dir='ltr'>posl‘em,</span> <span class='ocrx_word' id='word_1_92' title='bbox 758 1234 1017 1304; x_wconf 76' lang='lat' dir='ltr'>corrigere</span> <span class='ocrx_word' id='word_1_93' title='bbox 1047 1245 1312 1288; x_wconf 83' lang='lat' dir='ltr'>tentarem.</span> <span class='ocrx_word' id='word_1_94' title='bbox 1470 1235 1480 1247; x_wconf 84' lang='lat'><strong><em>&#39;</em></strong></span> <span class='ocrx_word' id='word_1_95' title='bbox 1540 1249 1672 1292; x_wconf 72' lang='lat' dir='ltr'>uem</span> 
     </span>
     <span class='ocr_line' id='line_1_15' title="bbox 220 1312 1668 1388; baseline -0.001 -18"><span class='ocrx_word' id='word_1_96' title='bbox 220 1332 503 1388; x_wconf 82' lang='lat' dir='ltr'>numquam</span> <span class='ocrx_word' id='word_1_97' title='bbox 537 1312 686 1369; x_wconf 77' lang='lat' dir='ltr'>nobis</span> <span class='ocrx_word' id='word_1_98' title='bbox 719 1315 856 1366; x_wconf 73' lang='lat' dir='ltr'>venit</span> <span class='ocrx_word' id='word_1_99' title='bbox 900 1314 951 1366; x_wconf 90' lang='lat' dir='ltr'>in</span> <span class='ocrx_word' id='word_1_100' title='bbox 985 1326 1241 1382; x_wconf 78' lang='lat' dir='ltr'>mentem,</span> <span class='ocrx_word' id='word_1_101' title='bbox 1289 1314 1343 1368; x_wconf 90' lang='lat' dir='ltr'>in</span> <span class='ocrx_word' id='word_1_102' title='bbox 1371 1313 1569 1383; x_wconf 75' lang='lat' dir='ltr'><em>Polybio</em></span> <span class='ocrx_word' id='word_1_103' title='bbox 1597 1315 1668 1373; x_wconf 70' lang='lat' dir='ltr'>in</span> 
     </span>
     <span class='ocr_line' id='line_1_16' title="bbox 214 1392 1665 1475; baseline 0.001 -25"><span class='ocrx_word' id='word_1_104' title='bbox 214 1396 434 1468; x_wconf 85' lang='lat' dir='ltr'>experiri</span> <span class='ocrx_word' id='word_1_105' title='bbox 447 1396 705 1464; x_wconf 84' lang='lat' dir='ltr'>ingenium</span> <span class='ocrx_word' id='word_1_106' title='bbox 719 1406 868 1467; x_wconf 82' lang='lat' dir='ltr'>atque</span> <span class='ocrx_word' id='word_1_107' title='bbox 878 1392 1186 1449; x_wconf 78' lang='lat' dir='ltr'>emendandi</span> <span class='ocrx_word' id='word_1_108' title='bbox 1198 1392 1665 1475; x_wconf 71' lang='lat' dir='ltr'>interpretandiqoe</span> 
     </span>
     <span class='ocr_line' id='line_1_17' title="bbox 215 1469 1665 1547; baseline 0.001 -17"><span class='ocrx_word' id='word_1_109' title='bbox 215 1471 537 1541; x_wconf 81' lang='lat' dir='ltr'>facultatem,</span> <span class='ocrx_word' id='word_1_110' title='bbox 574 1489 629 1528; x_wconf 88' lang='lat' dir='ltr'>vt</span> <span class='ocrx_word' id='word_1_111' title='bbox 660 1490 825 1526; x_wconf 87' lang='lat' dir='ltr'>nouae</span> <span class='ocrx_word' id='word_1_112' title='bbox 855 1469 1158 1527; x_wconf 69' lang='lat' dir='ltr'>recensionis</span> <span class='ocrx_word' id='word_1_113' title='bbox 1190 1471 1486 1547; x_wconf 84' lang='lat' dir='ltr'>exemplum</span> <span class='ocrx_word' id='word_1_114' title='bbox 1507 1470 1665 1534; x_wconf 77' lang='lat' dir='ltr'>literis</span> 
     </span>
     <span class='ocr_line' id='line_1_18' title="bbox 216 1550 1663 1629; baseline 0.005 -22"><span class='ocrx_word' id='word_1_115' title='bbox 216 1553 467 1629; x_wconf 85' lang='lat' dir='ltr'>prodere,</span> <span class='ocrx_word' id='word_1_116' title='bbox 507 1566 560 1607; x_wconf 88' lang='lat' dir='ltr'>et</span> <span class='ocrx_word' id='word_1_117' title='bbox 583 1550 951 1609; x_wconf 80' lang='lat' dir='ltr'>Calanboniani</span> <span class='ocrx_word' id='word_1_118' title='bbox 976 1551 1201 1626; x_wconf 80' lang='lat' dir='ltr'>exempli</span> <span class='ocrx_word' id='word_1_119' title='bbox 1233 1550 1310 1610; x_wconf 87' lang='lat' dir='ltr'>vel</span> <span class='ocrx_word' id='word_1_120' title='bbox 1332 1554 1663 1614; x_wconf 72' lang='lat' dir='ltr'>Gronouinni</span> 
     </span>
     <span class='ocr_line' id='line_1_19' title="bbox 214 1630 1663 1696; baseline 0.001 -6"><span class='ocrx_word' id='word_1_121' title='bbox 214 1651 411 1690; x_wconf 84' lang='lat' dir='ltr'>nomen</span> <span class='ocrx_word' id='word_1_122' title='bbox 431 1630 697 1688; x_wconf 80' lang='lat' dir='ltr'>obscurare</span> <span class='ocrx_word' id='word_1_123' title='bbox 723 1650 1038 1688; x_wconf 82' lang='lat' dir='ltr'>conaremur.</span> <span class='ocrx_word' id='word_1_124' title='bbox 1115 1636 1250 1688; x_wconf 86' lang='lat' dir='ltr'>Nam</span> <span class='ocrx_word' id='word_1_125' title='bbox 1278 1648 1328 1688; x_wconf 85' lang='lat' dir='ltr'>et</span> <span class='ocrx_word' id='word_1_126' title='bbox 1360 1652 1532 1692; x_wconf 80' lang='lat' dir='ltr'>renun</span> <span class='ocrx_word' id='word_1_127' title='bbox 1564 1650 1663 1696; x_wconf 78' lang='lat' dir='ltr'>no·</span> 
     </span>
     <span class='ocr_line' id='line_1_20' title="bbox 210 1707 1662 1773; baseline 0.003 -5"><span class='ocrx_word' id='word_1_128' title='bbox 210 1713 425 1769; x_wconf 79' lang='lat' dir='ltr'>strarum</span> <span class='ocrx_word' id='word_1_129' title='bbox 436 1715 656 1768; x_wconf 84' lang='lat' dir='ltr'>rationes</span> <span class='ocrx_word' id='word_1_130' title='bbox 676 1710 728 1766; x_wconf 89' lang='lat' dir='ltr'>id</span> <span class='ocrx_word' id='word_1_131' title='bbox 741 1730 842 1767; x_wconf 90' lang='lat' dir='ltr'>non</span> <span class='ocrx_word' id='word_1_132' title='bbox 858 1711 1043 1768; x_wconf 87' lang='lat' dir='ltr'>tulere:</span> <span class='ocrx_word' id='word_1_133' title='bbox 1069 1729 1164 1767; x_wconf 83' lang='lat' dir='ltr'>nec</span> <span class='ocrx_word' id='word_1_134' title='bbox 1178 1730 1269 1768; x_wconf 84' lang='lat' dir='ltr'>eae</span> <span class='ocrx_word' id='word_1_135' title='bbox 1285 1710 1438 1770; x_wconf 76' lang='lat' dir='ltr'>nobis</span> <span class='ocrx_word' id='word_1_136' title='bbox 1453 1707 1662 1773; x_wconf 61' lang='lat' dir='ltr'>suenni!</span> 
     </span>
     <span class='ocr_line' id='line_1_21' title="bbox 210 1790 1662 1871; baseline 0.001 -23"><span class='ocrx_word' id='word_1_137' title='bbox 210 1795 395 1867; x_wconf 84' lang='lat' dir='ltr'>copiae</span> <span class='ocrx_word' id='word_1_138' title='bbox 416 1791 692 1858; x_wconf 87' lang='lat' dir='ltr'>librorum,</span> <span class='ocrx_word' id='word_1_139' title='bbox 743 1805 795 1845; x_wconf 90' lang='lat' dir='ltr'>vt</span> <span class='ocrx_word' id='word_1_140' title='bbox 825 1809 1010 1864; x_wconf 84' lang='lat' dir='ltr'>operae</span> <span class='ocrx_word' id='word_1_141' title='bbox 1056 1794 1274 1865; x_wconf 88' lang='lat' dir='ltr'>pretium</span> <span class='ocrx_word' id='word_1_142' title='bbox 1310 1790 1662 1871; x_wconf 54' lang='grc' dir='ltr'>Ωιι-τηροῦ.»</span> 
     </span>
     <span class='ocr_line' id='line_1_22' title="bbox 207 1868 1657 1949; baseline 0.003 -20"><span class='ocrx_word' id='word_1_143' title='bbox 207 1890 356 1941; x_wconf 88' lang='lat' dir='ltr'>mus,</span> <span class='ocrx_word' id='word_1_144' title='bbox 399 1872 620 1946; x_wconf 83' lang='lat' dir='ltr'>denique</span> <span class='ocrx_word' id='word_1_145' title='bbox 638 1868 800 1926; x_wconf 77' lang='lat' dir='ltr'>vlibus</span> <span class='ocrx_word' id='word_1_146' title='bbox 821 1870 1177 1947; x_wconf 84' lang='lat' dir='ltr'>plerorumque</span> <span class='ocrx_word' id='word_1_147' title='bbox 1204 1872 1434 1930; x_wconf 85' lang='lat' dir='ltr'>sufficere</span> <span class='ocrx_word' id='word_1_148' title='bbox 1453 1876 1657 1949; x_wconf 82' lang='lat' dir='ltr'>putaui-</span> 
     </span>
     <span class='ocr_line' id='line_1_23' title="bbox 208 1950 1660 2027; baseline 0.003 -19"><span class='ocrx_word' id='word_1_149' title='bbox 208 1970 327 2008; x_wconf 90' lang='lat' dir='ltr'>mus</span> <span class='ocrx_word' id='word_1_150' title='bbox 350 1969 437 2021; x_wconf 83' lang='lat' dir='ltr'>ea,</span> <span class='ocrx_word' id='word_1_151' title='bbox 471 1970 601 2027; x_wconf 84' lang='lat' dir='ltr'>quae</span> <span class='ocrx_word' id='word_1_152' title='bbox 623 1970 759 2006; x_wconf 87' lang='lat' dir='ltr'>nunc</span> <span class='ocrx_word' id='word_1_153' title='bbox 785 1950 920 2022; x_wconf 77' lang='lat' dir='ltr'>sunt,</span> <span class='ocrx_word' id='word_1_154' title='bbox 958 1950 1488 2026; x_wconf 79' lang='lat' dir='ltr'>exemplaPolybiana.</span> <span class='ocrx_word' id='word_1_155' title='bbox 1521 1957 1660 2015; x_wconf 78' lang='lat' dir='ltr'>Nam</span> 
     </span>
     <span class='ocr_line' id='line_1_24' title="bbox 206 2029 1658 2111; baseline 0.001 -23"><span class='ocrx_word' id='word_1_156' title='bbox 206 2034 296 2109; x_wconf 81' lang='lat' dir='ltr'>qui</span> <span class='ocrx_word' id='word_1_157' title='bbox 330 2032 394 2088; x_wconf 77' lang='lat' dir='ltr'>ad</span> <span class='ocrx_word' id='word_1_158' title='bbox 428 2034 667 2101; x_wconf 74' lang='lat' dir='ltr'>Polybium</span> <span class='ocrx_word' id='word_1_159' title='bbox 701 2029 974 2103; x_wconf 80' lang='lat' dir='ltr'>legendum</span> <span class='ocrx_word' id='word_1_160' title='bbox 1006 2031 1285 2104; x_wconf 79' lang='lat' dir='ltr'>accedunt,</span> <span class='ocrx_word' id='word_1_161' title='bbox 1318 2030 1548 2111; x_wconf 76' lang='lat' dir='ltr'>plerique</span> <span class='ocrx_word' id='word_1_162' title='bbox 1576 2054 1658 2096; x_wconf 69' lang='grc' dir='ltr'>ω-</span> 
     </span>
     <span class='ocr_line' id='line_1_25' title="bbox 207 2109 1659 2187; baseline 0.001 -18"><span class='ocrx_word' id='word_1_163' title='bbox 207 2131 327 2170; x_wconf 87' lang='lat' dir='ltr'>rum</span> <span class='ocrx_word' id='word_1_164' title='bbox 350 2115 511 2184; x_wconf 84' lang='lat' dir='ltr'>magis</span> <span class='ocrx_word' id='word_1_165' title='bbox 535 2129 686 2187; x_wconf 85' lang='lat' dir='ltr'>quam</span> <span class='ocrx_word' id='word_1_166' title='bbox 710 2109 982 2167; x_wconf 85' lang='lat' dir='ltr'>verborum</span> <span class='ocrx_word' id='word_1_167' title='bbox 1005 2110 1118 2167; x_wconf 85' lang='lat' dir='ltr'>sunt</span> <span class='ocrx_word' id='word_1_168' title='bbox 1152 2111 1359 2180; x_wconf 81' lang='lat' dir='ltr'>curioli‚</span> <span class='ocrx_word' id='word_1_169' title='bbox 1396 2128 1450 2170; x_wconf 83' lang='lat' dir='ltr'>et</span> <span class='ocrx_word' id='word_1_170' title='bbox 1482 2117 1535 2172; x_wconf 83' lang='lat' dir='ltr'>in</span> <span class='ocrx_word' id='word_1_171' title='bbox 1571 2114 1659 2183; x_wconf 63' lang='grc' dir='ltr'>Ιώ</span> 
     </span>
     <span class='ocr_line' id='line_1_26' title="bbox 209 2189 1656 2274; baseline 0.003 -27"><span class='ocrx_word' id='word_1_172' title='bbox 209 2189 324 2267; x_wconf 76' lang='lat' dir='ltr'>ipsis</span> <span class='ocrx_word' id='word_1_173' title='bbox 358 2210 466 2248; x_wconf 92' lang='lat' dir='ltr'>non</span> <span class='ocrx_word' id='word_1_174' title='bbox 498 2193 736 2247; x_wconf 84' lang='lat' dir='ltr'>minutias</span> <span class='ocrx_word' id='word_1_175' title='bbox 768 2209 995 2266; x_wconf 87' lang='lat' dir='ltr'>quasque</span> <span class='ocrx_word' id='word_1_176' title='bbox 1026 2189 1412 2265; x_wconf 49' lang='lat' dir='ltr'>const-stantun</span> <span class='ocrx_word' id='word_1_177' title='bbox 1458 2197 1513 2251; x_wconf 90' lang='lat' dir='ltr'>in</span> <span class='ocrx_word' id='word_1_178' title='bbox 1544 2213 1656 2274; x_wconf 83' lang='lat' dir='ltr'>quo</span> 
     </span>
     <span class='ocr_line' id='line_1_27' title="bbox 202 2268 1658 2348; baseline 0.004 -20"><span class='ocrx_word' id='word_1_179' title='bbox 202 2272 313 2328; x_wconf 76' lang='lat' dir='ltr'>scio</span> <span class='ocrx_word' id='word_1_180' title='bbox 337 2274 522 2348; x_wconf 87' lang='lat' dir='ltr'>requiri</span> <span class='ocrx_word' id='word_1_181' title='bbox 544 2268 820 2326; x_wconf 87' lang='lat' dir='ltr'>verborum</span> <span class='ocrx_word' id='word_1_182' title='bbox 841 2274 1209 2329; x_wconf 81' lang='lat' dir='ltr'>accuratiorem</span> <span class='ocrx_word' id='word_1_183' title='bbox 1230 2270 1536 2346; x_wconf 61' lang='lat' dir='ltr'>lectionem,</span> <span class='ocrx_word' id='word_1_184' title='bbox 1564 2276 1658 2337; x_wconf 77' lang='lat' dir='ltr'>sed</span> 
     </span>
     <span class='ocr_line' id='line_1_28' title="bbox 199 2347 1651 2432; baseline 0.006 -24"><span class='ocrx_word' id='word_1_185' title='bbox 199 2354 396 2409; x_wconf 85' lang='lat' dir='ltr'>maiora</span> <span class='ocrx_word' id='word_1_186' title='bbox 410 2347 507 2419; x_wconf 78' lang='lat' dir='ltr'>illa,</span> <span class='ocrx_word' id='word_1_187' title='bbox 529 2351 595 2406; x_wconf 89' lang='lat' dir='ltr'>ad</span> <span class='ocrx_word' id='word_1_188' title='bbox 609 2350 855 2406; x_wconf 74' lang='lat' dir='ltr'>lumniam</span> <span class='ocrx_word' id='word_1_189' title='bbox 870 2371 1043 2408; x_wconf 89' lang='lat' dir='ltr'>rerum</span> <span class='ocrx_word' id='word_1_190' title='bbox 1056 2354 1372 2425; x_wconf 86' lang='lat' dir='ltr'>pertinentia,</span> <span class='ocrx_word' id='word_1_191' title='bbox 1386 2368 1440 2411; x_wconf 83' lang='lat' dir='ltr'>et</span> <span class='ocrx_word' id='word_1_192' title='bbox 1451 2353 1518 2412; x_wconf 85' lang='lat' dir='ltr'>ad</span> <span class='ocrx_word' id='word_1_193' title='bbox 1529 2374 1651 2432; x_wconf 82' lang='lat' dir='ltr'>pm-</span> 
     </span>
     <span class='ocr_line' id='line_1_29' title="bbox 201 2428 1652 2506; baseline 0.004 -21"><span class='ocrx_word' id='word_1_194' title='bbox 201 2429 427 2487; x_wconf 87' lang='lat' dir='ltr'>dentiam</span> <span class='ocrx_word' id='word_1_195' title='bbox 460 2428 743 2506; x_wconf 79' lang='lat' dir='ltr'>profutura.</span> <span class='ocrx_word' id='word_1_196' title='bbox 833 2433 939 2502; x_wconf 71' lang='lat' dir='ltr'>Qni</span> <span class='ocrx_word' id='word_1_197' title='bbox 985 2445 1156 2489; x_wconf 87' lang='lat' dir='ltr'>autem</span> <span class='ocrx_word' id='word_1_198' title='bbox 1192 2436 1346 2490; x_wconf 88' lang='lat' dir='ltr'>etiam</span> <span class='ocrx_word' id='word_1_199' title='bbox 1378 2433 1532 2493; x_wconf 85' lang='lat' dir='ltr'>verba</span> <span class='ocrx_word' id='word_1_200' title='bbox 1557 2434 1652 2496; x_wconf 80' lang='lat' dir='ltr'>fibi</span> 
     </span>
     <span class='ocr_line' id='line_1_30' title="bbox 201 2509 1650 2590; baseline 0.005 -24"><span class='ocrx_word' id='word_1_201' title='bbox 201 2510 422 2567; x_wconf 78' lang='lat' dir='ltr'>curanda</span> <span class='ocrx_word' id='word_1_202' title='bbox 456 2526 657 2585; x_wconf 82' lang='lat' dir='ltr'>putant,</span> <span class='ocrx_word' id='word_1_203' title='bbox 708 2509 910 2567; x_wconf 83' lang='lat' dir='ltr'>studioli</span> <span class='ocrx_word' id='word_1_204' title='bbox 939 2509 1194 2568; x_wconf 87' lang='lat' dir='ltr'>literarum</span> <span class='ocrx_word' id='word_1_205' title='bbox 1223 2531 1548 2590; x_wconf 77' lang='lat' dir='ltr'>graecarum,</span> <span class='ocrx_word' id='word_1_206' title='bbox 1588 2515 1650 2576; x_wconf 81' lang='lat' dir='ltr'>hi</span> 
     </span>
     <span class='ocr_line' id='line_1_31' title="bbox 197 2589 1648 2668; baseline 0.003 -18"><span class='ocrx_word' id='word_1_207' title='bbox 197 2589 289 2664; x_wconf 81' lang='lat' dir='ltr'>ipfi</span> <span class='ocrx_word' id='word_1_208' title='bbox 320 2589 426 2646; x_wconf 82' lang='lat' dir='ltr'>fere</span> <span class='ocrx_word' id='word_1_209' title='bbox 455 2589 645 2647; x_wconf 82' lang='lat' dir='ltr'>formas</span> <span class='ocrx_word' id='word_1_210' title='bbox 670 2589 947 2646; x_wconf 89' lang='lat' dir='ltr'>verborum</span> <span class='ocrx_word' id='word_1_211' title='bbox 980 2606 1034 2647; x_wconf 87' lang='lat' dir='ltr'>et</span> <span class='ocrx_word' id='word_1_212' title='bbox 1073 2590 1324 2666; x_wconf 82' lang='lat' dir='ltr'>phrafium</span> <span class='ocrx_word' id='word_1_213' title='bbox 1354 2593 1648 2668; x_wconf 79' lang='lat' dir='ltr'>Polybiana-</span> 
     </span>
     <span class='ocr_line' id='line_1_32' title="bbox 196 2668 1648 2751; baseline 0.006 -24"><span class='ocrx_word' id='word_1_214' title='bbox 196 2689 316 2727; x_wconf 86' lang='lat' dir='ltr'>rum</span> <span class='ocrx_word' id='word_1_215' title='bbox 338 2671 508 2727; x_wconf 88' lang='lat' dir='ltr'>vident</span> <span class='ocrx_word' id='word_1_216' title='bbox 527 2668 802 2738; x_wconf 66' lang='lat' dir='ltr'>hastenus,</span> <span class='ocrx_word' id='word_1_217' title='bbox 821 2685 873 2726; x_wconf 91' lang='lat' dir='ltr'>vt</span> <span class='ocrx_word' id='word_1_218' title='bbox 888 2670 1182 2745; x_wconf 85' lang='lat' dir='ltr'>intelligant,</span> <span class='ocrx_word' id='word_1_219' title='bbox 1205 2673 1341 2731; x_wconf 86' lang='lat' dir='ltr'>etad</span> <span class='ocrx_word' id='word_1_220' title='bbox 1363 2674 1648 2751; x_wconf 86' lang='lat' dir='ltr'>intelligen-</span> 
     </span>
     <span class='ocr_line' id='line_1_33' title="bbox 191 2748 1645 2835; baseline 0.006 -29"><span class='ocrx_word' id='word_1_221' title='bbox 191 2754 320 2806; x_wconf 69' lang='lat' dir='ltr'>tiam</span> <span class='ocrx_word' id='word_1_222' title='bbox 346 2748 558 2806; x_wconf 88' lang='lat' dir='ltr'>aliorum</span> <span class='ocrx_word' id='word_1_223' title='bbox 592 2751 893 2823; x_wconf 86' lang='lat' dir='ltr'>scriptorum</span> <span class='ocrx_word' id='word_1_224' title='bbox 923 2749 1160 2808; x_wconf 87' lang='lat' dir='ltr'>conferre</span> <span class='ocrx_word' id='word_1_225' title='bbox 1189 2754 1400 2828; x_wconf 80' lang='lat' dir='ltr'>possint3</span> <span class='ocrx_word' id='word_1_226' title='bbox 1452 2758 1502 2812; x_wconf 90' lang='lat' dir='ltr'>in</span> <span class='ocrx_word' id='word_1_227' title='bbox 1533 2775 1645 2835; x_wconf 89' lang='lat' dir='ltr'>quo</span> 
     </span>
     <span class='ocr_line' id='line_1_34' title="bbox 194 2827 1645 2896; baseline 0.004 -6"><span class='ocrx_word' id='word_1_228' title='bbox 194 2828 447 2895; x_wconf 75' lang='lat' dir='ltr'>fimtmam</span> <span class='ocrx_word' id='word_1_229' title='bbox 481 2829 618 2887; x_wconf 85' lang='lat' dir='ltr'>illam</span> <span class='ocrx_word' id='word_1_230' title='bbox 648 2827 882 2888; x_wconf 74' lang='lat' dir='ltr'>lcc‘lionis</span> <span class='ocrx_word' id='word_1_231' title='bbox 914 2834 1181 2891; x_wconf 87' lang='lat' dir='ltr'>veritatem</span> <span class='ocrx_word' id='word_1_232' title='bbox 1219 2851 1329 2893; x_wconf 86' lang='lat' dir='ltr'>non</span> <span class='ocrx_word' id='word_1_233' title='bbox 1355 2834 1645 2896; x_wconf 86' lang='lat' dir='ltr'>admodum</span> 
     </span>
    </p>

    <p class='ocr_par' dir='ltr' id='par_1_6' title="bbox 1471 2935 1641 2997">
     <span class='ocr_line' id='line_1_35' title="bbox 1471 2935 1641 2997; baseline 0.006 -22"><span class='ocrx_word' id='word_1_234' title='bbox 1471 2935 1641 2997; x_wconf 71' lang='lat' dir='ltr'>requi·</span> 
     </span>
    </p>
   </div>
   <div class='ocr_carea' id='block_1_6' title="bbox 1420 0 1768 220">
    <p class='ocr_par' dir='ltr' id='par_1_7' title="bbox 1420 0 1768 220">
     <span class='ocr_line' id='line_1_36' title="bbox 1420 0 1768 220; baseline 0 0"><span class='ocrx_word' id='word_1_235' title='bbox 1420 0 1768 220; x_wconf 95' lang='lat' dir='ltr'>  </span> <span class='ocrx_word' id='word_1_236' title='bbox 1761 188 1768 220; x_wconf 95' lang='lat' dir='ltr'> </span> 
     </span>
    </p>
   </div>
  </div>
 </body>
</html>
