1676 3158
643 55 666 62 κ

0 88 646 185 ᾖοΤΑΕ
691 119 770 167 ΙΝ
805 118 1195 181 ΡοΙιιΥΒῙνΜκ
1308 188 1311 194 ,
1426 123 1522 187 ’893

96 236 98 238 ’
183 252 286 300 cap.
302 250 337 290 8.
366 241 441 286 vbi
461 241 646 299 angelus
674 241 732 286 fic
755 241 1011 300 Philippum
1039 242 1297 302 alloquitur.
1339 237 1524 300 οἷνυῖςηᾶι

49 332 51 339 ¹
141 302 310 370 ,repetiit
341 303 450 352 καταέ
481 307 738 367 μεσημβρίαν
768 307 844 352 ἐπὶ
868 304 942 366 τῆν
973 304 1060 354 ὁδδν
1092 300 1403 367 κατᾷβοάνεσοιν
1437 299 1524 352 οἷτδ
1583 316 1586 318 ’

108 375 130 427 'f
196 367 307 429 αλῆμ
325 371 380 423 εἰς
403 366 562 432 Γοῖζαν,
577 369 683 431 αὐτῆ
703 374 785 418 ἐςῖν
803 371 959 432 ἕρημος.
1023 372 1076 416 Id
1098 373 1184 430 est,
1205 372 1370 428 Surge,
1392 377 1433 415 et
1443 379 1527 417 va·-

96 441 110 486 ,“
123 434 354 482 xvmeridiem
372 435 517 495 versus
538 435 599 480 ad
617 438 757 492 viam,
779 450 886 495 quac
903 435 1109 497 descendit
1127 451 1155 480 a
1178 436 1440 495 Hierusalem
1462 435 1525 480 ad

66 488 264 561 Gazam,
281 515 389 560 quae
411 500 574 561 deserta
594 502 661 562 est.
721 502 928 560 Angelus
947 502 1092 547 noluit
1109 503 1360 561 Philippum
1377 504 1424 546 in
1438 503 1525 547 du-

65 564 141 612 bio
166 565 281 623 effe,
305 567 359 610 ad
379 581 509 624 quem
535 568 685 610 locum
707 568 982 624 mitteretur,
1013 567 1116 611 ideo
1143 569 1264 612 addit
1279 603 1290 623 ,
1322 580 1428 625 quae
1452 566 1524 610 dea

66 632 182 691 serta
204 630 282 692 est,
317 629 435 690 quod
457 647 543 690 ego
566 639 675 689 puto
697 633 892 690 intelligi
912 633 1091 690 debere,
1123 647 1229 692 quae
1246 633 1305 692 est
1323 634 1366 675 in
1387 631 1527 691 deser-

69 705 141 754 to,
162 705 239 742 aut
257 698 384 742 iuxta
405 697 639 741 desertum.
702 693 828 741 Duae
849 697 987 755 igitur
1016 708 1140 742 erant
1164 697 1340 753 Gazae,
1373 712 1456 740 vna
1475 698 1525 741 in

71 761 241 807 ditione
259 759 503 817 Ptolemaei
523 776 662 820 prope
684 762 925 819 desertum,
958 763 1029 807 vbi
1063 763 1215 822 copias
1241 763 1338 807 suas
1366 761 1525 806 refecit:

69 827 351 873 Ptolemaeus
381 842 436 870 ex
473 827 647 883 labore,
670 841 801 884 quem
820 828 868 871 in
889 828 1062 872 deserto
1086 828 1426 873 transmittendo
1449 827 1527 870 ha-

70 891 281 938 buerant:
314 892 402 936 alia
419 891 575 951 Syriae
598 892 644 935 in
661 891 875 936 Antiochi
897 893 1067 937 ditione
1080 928 1092 949 ,
1107 894 1177 937 vbi
1194 894 1290 951 post
1309 893 1527 950 praelium

72 959 116 1003 se
137 958 330 1016 recepit3
364 965 410 1001 et
433 959 618 1015 primam
635 956 758 1000 illam
777 956 1018 1002 Ptolemaei
1041 956 1213 1001 Gazam
1231 955 1356 1002 fuisse
1380 959 1427 1000 in
1448 955 1528 1000 de-

72 1023 181 1068 serti
200 1020 359 1067 finibus
396 1018 517 1080 patet
546 1036 600 1064 ex
629 1019 760 1078 ipfius
787 1022 965 1081 Polybii
995 1024 1166 1067 verbis:
1209 1025 1381 1068 dixerat
1407 1022 1529 1082 enim

74 1088 226 1148 paullo
251 1095 370 1143 ante,
391 1088 845 1148 Ptolemaeum-dum
863 1088 1009 1131 versus
1024 1084 1193 1132 Gazam
1213 1091 1420 1132 tenderet
1433 1122 1445 1143 ‚
1459 1086 1530 1129 fe-

76 1153 178 1198 ciffe
198 1153 285 1198 iter
309 1149 371 1198 5112
394 1149 466 1212 τῆς
488 1147 635 1212 οἷνύδρε
651 1166 732 1209 per
754 1159 916 1195 terram
937 1159 1146 1197 carentem
1165 1167 1302 1212 aqua,
1318 1153 1435 1211 quod
1449 1152 1530 1210 est,

76 1233 156 1278 per
175 1218 411 1262 desertum.
470 1215 593 1261 Inter
609 1216 687 1260 has
711 1218 816 1261 duas
836 1216 984 1262 Gazas
1003 1217 1082 1262 fita
1104 1219 1189 1262 fuit
1201 1219 1369 1276 Raphia
1381 1254 1392 1273 ,
1405 1224 1452 1261 vt
1470 1230 1531 1261 ex

76 1284 166 1329 hoc
198 1283 304 1327 loco
334 1289 469 1340 patet.
536 1282 599 1326 At
630 1283 775 1339 potest
805 1284 971 1340 opponi
999 1298 1055 1326 ex
1086 1282 1323 1341 Strabone,
1358 1283 1531 1328 Gazam

80 1349 298 1395 desertam
316 1347 441 1393 fuisse
464 1346 620 1406 Syriae
641 1349 919 1405 propiorem,
936 1362 1048 1406 quae
1066 1350 1117 1392 ab
1135 1350 1398 1393 Alexandro
1413 1349 1534 1391 diru*

77 1422 126 1465 ta
146 1414 246 1458 fuit.
310 1413 397 1458 Sed
419 1428 470 1456 ea
505 1414 633 1456 verba
655 1413 887 1470 Xylander
915 1428 1006 1457 non
1028 1415 1252 1470 agnoscit,
1285 1429 1341 1457 ex
1373 1414 1534 1471 quibus

79 1480 128 1524 id
147 1480 402 1536 colligitur3
434 1487 531 1523 tum
550 1478 661 1521 licet
690 1478 741 1521 ab
761 1478 1017 1522 Alexandro
1048 1477 1173 1522 Gaza
1203 1479 1359 1537 Syriae
1389 1480 1536 1522 diruta

80 1545 246 1602 fuerit,
271 1545 322 1602 ab
343 1543 588 1588 Alexandri
609 1551 810 1601 ternpore
834 1544 887 1586 ad
908 1543 1149 1601 Apostolos
1178 1546 1304 1602 plura
1325 1541 1537 1588 intercess

83 1610 233 1656 serunt
253 1608 587 1667 secula,quibus
606 1609 843 1652 fluentibus
856 1609 1089 1653 instaurata
1110 1609 1220 1653 fuit:
1257 1618 1301 1653 et
1322 1609 1417 1653 eius
1430 1623 1536 1667 por-

83 1684 160 1722 tus
181 1685 227 1720 et
249 1674 367 1733 quasi
391 1673 639 1719 suburbium
658 1674 848 1717 Maiuma
882 1672 1047 1717 dictum
1076 1674 1175 1718 fuit·
1196 1675 1443 1732 emporIum
1462 1679 1538 1716 ces

83 1742 217 1787 lebre.
280 1740 422 1784 Diuus
443 1739 750 1797 Hieronymus
774 1748 893 1796 certe
923 1749 1023 1782 ante
1052 1754 1133 1782 nos
1162 1741 1267 1784 duas
1301 1739 1425 1784 fuiffe
1447 1737 1539 1782 Ga-

85 1821 166 1851 zas
186 1808 442 1860 notauerat,
473 1813 524 1848 vt
559 1805 667 1847 citat
701 1800 980 1848 casaubonus
1011 1805 1064 1846 ad
1103 1803 1360 1849 Strabonem
1390 1820 1431 1862 p.
1451 1819 1542 1859 739.

87 1868 176 1917 Sed
228 1879 274 1915 et
325 1866 554 1913 Diodorus
595 1869 692 1913 libr.
739 1884 797 1920 19.
845 1870 952 1911 duas
993 1868 1119 1912 fuiffe
1165 1868 1312 1913 Gazas
1356 1870 1542 1915 manife-

86 1936 151 1982 ste
195 1936 372 1992 innuit,
420 1933 477 1978 fic
508 1934 625 1977 enim
668 1935 722 1977 de
761 1934 1014 1977 Ptolemaeo
1045 1935 1157 1991 Lagi
1189 1947 1344 1979 contra
1375 1936 1542 1980 Deme·-

87 2003 228 2049 trium
268 2007 477 2044 mouente
496 2014 508 2042 :
561 1996 645 2044 οἰπᾶ
688 2001 729 2044 δὲ
771 1999 959 2057 Πηλεσιέ
997 1996 1061 2044 διαὶ
1097 1997 1170 2058 τῆς
1207 1997 1334 2061 ἐρῆμε
1370 1999 1542 2048 διελθών

88 2067 482 2123 κατεςρατοπέδευσε
502 2063 672 2122 πλησίον
695 2060 775 2109 τῖὖν
792 2064 996 2119 πολεμίων
1016 2066 1110 2124 περ)
1138 2061 1214 2124 τήν
1245 2065 1430 2112 παλαιάν
1462 2068 1495 2111 Γ
1497 2063 1547 2112 οἶ-

90 2131 164 2193 ζαν
182 2129 254 2191 τῆς
278 2128 442 2190 Συρίας.
504 2125 554 2171 Α
574 2127 735 2186 Pelzfio
755 2143 834 2186 per
853 2127 1058 2187 desertum
1074 2129 1303 2187 procedens
1326 2133 1548 2191 castrame-

93 2205 212 2241 tatus
234 2196 288 2255 cst
307 2197 435 2239 iuxta
453 2192 583 2254 hostes
602 2195 713 2237 circa
734 2196 954 2252 antiquam
974 2194 1146 2238 Gazam
1169 2194 1341 2251 Syriae,
1374 2198 1434 2241 Et
1450 2211 1548 2240 rur-

92 2265 164 2308 sus
189 2263 346 2305 eodem
368 2261 479 2303 libro
491 2295 504 2317 ,
537 2256 644 2313 μετ-οὶ
662 2256 736 2318 τήν
756 2261 973 2315 γενομένην
990 2252 1118 2319 ἧτταν
1137 2262 1348 2320 Δημητρίῳ
1361 2263 1452 2321 ’,τερὶ
1461 2260 1496 2307 Γ
1498 2258 1552 2307 κ’-

93 2327 168 2389 ζαν
188 2324 259 2384 τῆς
278 2326 440 2383 Συρίας.
500 2324 602 2382 Post
624 2323 782 2366 cladem
804 2330 1014 2381 acceptam
1032 2327 1144 2368 circa
1175 2325 1346 2369 Gazam
1377 2326 1550 2382 Syriae.

94 2392 207 2437 Inde
230 2392 460 2446 colligitur
489 2388 615 2433 fuiffe
650 2390 832 2431 alteram
866 2387 1062 2442 Gazam,
1096 2405 1205 2447 quae
1230 2391 1319 2434 non
1349 2392 1433 2435 fuit
1464 2392 1554 2450 Sy-

95 2460 210 2514 riae,
233 2457 407 2513 quando
431 2455 600 2512 semper
627 2455 691 2498 ita
724 2454 922 2498 distinxit
943 2455 1193 2513 Diodorus,
1222 2467 1266 2498 et
1299 2470 1351 2501 ea
1381 2453 1464 2515 est,
1495 2458 1551 2500 de

97 2538 183 2582 qua
201 2523 288 2564 hoc
312 2522 414 2563 loeo
435 2522 589 2577 agitur.

193 2586 250 2633 V.
265 2597 323 2636 89.
356 2582 532 2644 Χρυσηὶς·
555 2587 579 2640 ἦ
601 2578 713 2642 γυνή.
748 2583 936 2642 Nescio,
953 2600 1036 2643 qua
1057 2587 1111 2629 de
1125 2579 1266 2629 causta
1287 2584 1556 2632 doffiffimus

100 2653 319 2710 interpres
345 2651 525 2693 verterit
534 2649 727 2706 foemina
751 2649 926 2706 nobilis,
949 2666 1051 2694 cum
1074 2652 1275 2696 videatur
1306 2655 1330 2711 ἤ
1359 2649 1456 2711 «γυνή
1485 2666 1558 2696 re-

99 2718 207 2761 ferri
227 2717 280 2759 ad
301 2717 602 2771 Antigonum,
625 2716 678 2756 de
703 2729 792 2771 quo
813 2716 1008 2772 superius
1031 2718 1181 2774 paullo
1211 2715 1346 2761 verba
1375 2717 1558 2774 fecerat,

0 2778 28 2829 ’,ἶ
103 2791 150 2826 et
169 2782 329 2840 procul
352 2781 484 2823 dubio
505 2780 561 2823 fic
584 2779 779 2836 intelligi
794 2781 943 2842 debet.
974 2777 1093 2823 Nam
1121 2782 1332 2826 Eusebius
1353 2785 1397 2826 in
1420 2780 1561 2828 Chre*

102 2849 259 2909 nicos.
281 2846 337 2891 fic
359 2846 509 2889 scribit
531 2845 585 2887 de
606 2845 833 2888 Demetrio
847 2846 1082 2906 *Antigoni
1116 2845 1316 2891 Gonatae
1341 2844 1440 2892 filio
1456 2880 1469 2903 ,
1504 2857 1560 2891 ex

1356 2910 1568 2970 Porphy-
