1742 3230
526 159 1148 216 PRAEFATIO.
1505 185 1629 221 xv.

49 348 58 363 ,
153 286 284 377 iguo
303 293 550 359 tir-lenius,
583 295 637 350 in
658 292 764 349 fine
800 290 1046 348 editionis
1075 288 1390 361 Bafileenfis,
1427 293 1582 352 tradit

0 369 417 454 ‘ua's'oerptum
442 374 570 445 effe,
609 372 756 451 quod
778 371 892 428 libri
915 377 1090 428 xvm.
1122 372 1452 445 inscriptum,
1491 374 1582 432 sed

0 454 15 525 ἔ·
47 443 539 535 ‘'*ef'ssnperioribus
562 454 703 512 libris
724 454 875 510 editis
899 453 1114 509 ductum
1137 452 1208 509 fit.
1271 459 1407 511 Nam
1434 456 1583 532 quod

0 538 13 596 ζ
44 559 46 562 ’
96 541 362 613 Eliingmts
390 541 445 594 in
469 536 608 596 Cod.
643 536 948 609 Augustano
981 534 1090 590 libri
1119 539 1298 591 xv111.
1328 540 1582 612 Excerpta

0 603 20 671 ῗῑ
77 615 206 682 effe
219 620 391 698 posuit
414 618 470 676 in
502 616 758 690 catalogo
789 614 920 672 Bibl.
946 617 1082 688 Aug.
1128 618 1180 671 in
1211 635 1308 686 eo,
1341 618 1582 675 Boeclems

0 690 22 794 Ξ
99 710 277 772 nutat,
315 700 595 776 deceptum
615 697 761 756 fuiss'e
785 699 953 754 virum
985 695 1206 754 dostum
1238 715 1583 759 numerorum

0 782 15 820 ²<
103 784 253 844 vitio.

0 816 19 921 ξ
219 861 386 923 Aliud
407 881 574 936 genus
596 865 975 937 Excerptorum
1007 860 1119 934 post
1150 860 1282 917 haec
1315 879 1356 919 a.
1383 872 1517 936 ¹582·
1552 883 1585 921 e

3 959 7 966 ¹
102 942 336 1014 Codice,
377 958 596 1019 accepto
621 943 687 1000 ab
707 943 1126 1014 Ant.Aug1stino‚
1165 941 1585 1016 protulitFuluiur

108 1027 307 1104 Vvfinus
327 1029 380 1081 in
402 1024 683 1081 volumine
708 1044 808 1095 eo,
845 1025 991 1100 quod
1016 1025 1322 1094 Legationum
1345 1028 1586 1100 Excerpta

95 1104 380 1182 inscripsit,
402 1103 491 1163 etfi
512 1124 622 1162 non
645 1108 820 1163 omnia
840 1107 954 1161 sunt
975 1102 1108 1159 illius
1131 1111 1451 1176 argumenti,
1473 1127 1589 1165 cer-

105 1203 161 1248 te
189 1184 497 1267 Polybiana,
548 1205 776 1264 quorum
810 1189 967 1242 etiam
1002 1186 1138 1242 ordo
1173 1189 1436 1244 interdum
1471 1209 1589 1262 per-

106 1268 342 1339 turbatus
366 1268 466 1339 est,
506 1287 604 1324 nec
627 1268 790 1324 seruat
802 1286 975 1323 rerum
999 1266 1206 1322 seriem:
1247 1269 1393 1343 quod
1419 1289 1587 1343 genus

44 1350 56 1365 '
106 1346 428 1409 confusionis
460 1351 618 1405 etiam
653 1352 706 1404 in
752 1364 921 1404 cetera
968 1361 1206 1421 excerpta
1248 1347 1469 1425 irrepsit,
1532 1365 1589 1406 vt

106 1434 249 1502 vm,
274 1450 312 1490 ι.
354 1449 485 1507 quae
507 1431 642 1506 ῥῆσις
663 1428 804 1484 haud
836 1426 995 1483 dubie
1028 1426 1342 1486 Iiibiicienda
1377 1432 1449 1487 est
1480 1451 1591 1488 nar·

0 1500 29 1594 ᾗ
108 1515 297 1569 rationi
320 1510 388 1566 de
410 1512 660 1579 Achan,
685 1528 777 1582 per
799 1506 1038 1564 Bolidem
1061 1510 1304 1583 prodito,
1344 1531 1387 1568 c.
1412 1532 1478 1570 12.
1531 1519 1591 1571 ln

72 1607 86 1620 “
108 1595 173 1649 iis
203 1590 422 1648 edendis
452 1588 733 1667 'quomodo
767 1590 991 1646 verstitus
1025 1588 1112 1660 fit,
1183 1610 1306 1647 cum
1338 1611 1500 1649 vnum
1532 1592 1594 1649 li·-

0 1687 25 1747 ζιζι
110 1671 296 1742 brum,
338 1689 596 1745 eumque,
634 1683 691 1724 vt
721 1670 829 1744 ipse
862 1670 1041 1737 tradit,
1079 1669 1229 1727 valde
1267 1690 1592 1749 corruptum,

0 1758 16 1824 ζ
60 1792 66 1795 -
109 1750 351 1826 haberet,
390 1748 541 1807 facile
563 1749 847 1823 intelligere
868 1749 1062 1824 potest,
1095 1754 1185 1827 qui
1205 1755 1475 1825 ingenium
1498 1759 1595 1814 viri

0 1830 9 1859 ⁶
90 1841 168 1893 ‘et
202 1830 636 1891 consuetudinem
677 1850 743 1886 ex
795 1829 904 1887 aliis
945 1834 1058 1887 eius
1105 1833 1353 1906 operibus
1399 1839 1594 1894 criticis

0 1909 18 1978 ἶ.
113 1916 373 1989 cognorit.
446 1916 505 1969 ln
525 1911 701 1970 multis
723 1911 939 1989 quidem
960 1910 1102 1968 reste
1124 1927 1176 1968 et
1195 1916 1451 1989 praeclare
1475 1938 1594 1974 cor-

111 1994 296 2053 rexisse
314 1997 368 2050 in
388 2008 601 2069 promtu
623 1994 723 2064 est,
755 2011 920 2070 eaque
942 1990 1050 2049 fere
1070 1997 1123 2049 in
1145 1998 1285 2052 notis
1313 1997 1428 2053 sunt
1459 2000 1595 2056 indi-

21 2069 40 2104 ’“
114 2091 259 2144 cata;
296 2078 351 2131 in
375 2072 567 2151 quibus
589 2072 715 2130 illud
735 2076 972 2147 inprimis
983 2072 1129 2131 ‘bene
1141 2072 1295 2146 fecit,
1321 2079 1465 2155 quod
1478 2100 1596 2155 per·

0 2166 69 2208 Ἶ-
117 2172 284 2234 petuo
305 2154 582 2228 I'olybiana
609 2174 733 2212 cum
757 2157 986 2211 Liuianis
1021 2162 1359 2231 comparauit.
1439 2165 1598 2219 Cete-

0 2182 41 2329 ἑ
115 2257 263 2307 rum,
283 2255 349 2294 an
371 2252 425 2292 et
446 2234 769 2313 reliquorum
782 2233 1186 2307 Polybianorum
1201 2240 1461 2297 Codicem
1479 2243 1600 2299 scri-

0 2332 30 2448 ἒ,
58 2361 72 2370 a
115 2334 266 2395 ptum
289 2316 555 2386 habuerit,
594 2317 771 2391 postea
790 2315 1102 2376 videbimus,
1183 2323 1330 2376 Haec
1342 2326 1600 2398 Excerpta

119 2401 335 2474 corpori
373 2397 776 2472 Polybianorum
820 2395 1061 2454 adiund‘ia
1096 2399 1212 2456 sunt
1243 2420 1270 2457 a
1305 2402 1598 2477 Casaubono,

0 2478 15 2529 ἴ
119 2479 387 2536 interdum
431 2482 590 2535 etiam
621 2476 852 2535 audiiora
886 2497 917 2532 e
951 2478 1088 2536 Cod.
1122 2482 1301 2536 Schotti
1327 2481 1492 2554 faesia,
1542 2501 1599 2543 vt

24 2552 42 2634 J
122 2560 436 2635 Excerptum
467 2565 578 2619 LX.
604 2574 655 2615 et
674 2558 785 2616 alia.
875 2563 1140 2634 Superiori
1173 2562 1397 2639 denique
1419 2565 1599 2624 seculo

124 2639 262 2697 aliud
284 2659 451 2714 genus
473 2645 852 2714 Excerptorum
884 2643 938 2695 in
968 2638 1141 2696 lucem
1170 2641 1488 2716 protrastum
1526 2648 1600 2704 est

0 2736 66 2787 ῖς
123 2739 156 2777 e
177 2721 410 2790 Codice,
451 2725 540 2798 qui
565 2722 756 2775 Nicolai
773 2721 979 2776 Fabricii
989 2720 1206 2796 Peirzscii
1225 2720 1351 2794 fuit,
1371 2731 1602 2800 perHen-

123 2806 267 2857 ricum
293 2804 544 2877 Valaefium‚
582 2799 815 2873 singulari
838 2799 1099 2857 literarum
1122 2822 1420 2876 graecarum
1439 2808 1601 2867 scien·

127 2885 196 2943 tia
218 2895 271 2939 et
293 2881 545 2961 exquifito
566 2885 620 2940 in
642 2882 723 2940 his
748 2880 901 2940 rebus
923 2883 1123 2941 iudicio
1157 2885 1467 2962 praeditum.
1554 2896 1602 2947 1s

1151 2969 1156 2972 ’
1411 2970 1602 3031 Codex
