1676 3158
290 110 691 198 counitur.
742 153 812 198 m
858 152 1229 203 roLYmvm.
1431 155 1512 215 ‘1⁷1

102 264 260 317 Ibid.
293 271 546 333 διατρίβωσι]
571 275 664 333 περ)
689 269 762 331 τήν
794 269 1054 332 Μεργαῖνην.)
1096 275 1393 333 Merganam'
1377 292 1424 320 in
1457 292 1515 340 eo

53 333 201 381 msto
230 339 423 389 nondum
458 340 630 394 inueni,
672 339 743 381 sed
777 339 1096 396 Murgantiam,
1127 342 1276 384 locum
1308 345 1362 385 ad
1393 358 1514 387 mare

51 394 181 446 fitam
203 415 293 446 non
320 404 478 460 procul
504 403 567 461 Sy
571 403 744 447 racufis.
810 404 965 447 Liuius
984 405 1095 448 libro
1116 421 1261 450 xxiv.
1296 405 1515 451 AdMur-

48 467 250 524 gantiam
271 473 359 510 tum
377 467 536 527 claffem
557 470 729 512 nauium
762 475 923 512 centum
942 469 1164 514 Romanus
1189 470 1396 522 habebas,-
1430 486 1511 543 quo

50 531 278 575 euaderent
295 540 434 576 motus
457 548 511 576 ex
532 533 728 577 caedibus
740 540 770 575 t
756 549 813 589 st
814 547 1023 577 annorum
1041 536 1128 578 orti
1139 535 1385 596 Syracusis,
1411 553 1512 596 quo-

50 610 101 640 ve
120 610 192 646 eos
206 604 356 654 ageret
377 612 486 642 noua
509 606 634 656 atque
651 598 815 656 insolita
828 598 1007 642 libertas
1026 602 1261 656 opperiens.
1297 605 1342 646 in
1362 618 1509 648 xxvi.

48 668 251 770 ffuml-
270 663 653 720 Murgentinarum
673 672 890 708 terrarum
914 666 967 707 ad
987 665 1158 708 Poenos
1180 665 1374 710 desectio
1387 702 1400 724 ‚
1413 669 1512 742 post

31 765 34 768 ,
145 728 247 772 celii
269 727 590 787 prosectionem
611 744 637 772 e
659 729 824 773 Sicilia.
870 730 1073 774 meminit
1104 739 1150 772 et
1178 731 1237 773 Μ.
1260 730 1474 776 Tullius
1460 748 1509 777 m

6 802 15 810 “
46 791 276 848 VerriniS,
310 802 356 836 et
385 794 571 839 Plinius.
641 793 692 837 In
723 808 792 836 iv.
817 794 1094 852 Thucydidis
1124 795 1450 852 Morgantinam
1483 811 1509 840 a

47 856 334 915 Syracusanis
350 857 424 901 fibi
449 859 677 902 vindicant
696 858 991 902 Camarinaei:
1026 874 1160 917 quum
1181 869 1269 903 tam
1300 862 1347 905 in
1369 863 1507 905 vnde-

47 923 163 965 cima
185 922 363 968 historia
382 923 571 967 Diodori
592 934 638 967 et
655 923 925 982 Olympiade
946 939 1098 968 Lxxx.
1112 925 1282 969 dicatur
1305 927 1390 969 iam
1411 936 1508 971 tum

46 986 175 1031 fuifl'e
197 988 481 1045 Morgantina
496 985 613 1039 πόλις
628 987 845 1040 οἱέιόλογος.
908 988 960 1046 ln
975 989 1401 1047 Stephani'E.3·mu>2}·,⁸
1422 1007 1508 1035 no-

46 1051 239 1097 minatur
258 1052 483 1111 Morgyna
505 1053 703 1111 Siciliae,
723 1065 769 1096 et
790 1055 1094 1112 Morgentium
1114 1054 1279 1099 Italiae.
1342 1056 1509 1102 Viden-

47 1125 122 1162 tur
144 1128 295 1163 autem
324 1119 474 1161 omnia
496 1118 606 1163 haec
637 1119 735 1162 loca
765 1120 1084 1176 appellationes
1117 1120 1214 1163 suas
1246 1121 1460 1178 accepisse
1482 1136 1508 1165 a

45 1183 350 1239 Morgetibus,
370 1184 538 1240 populo
562 1182 840 1228 vetustiffimo
861 1184 1045 1236 ltaliae3
1081 1185 1135 1227 de
1153 1199 1243 1242 quo
1261 1185 1505 1273 Dionysius

45 1247 267 1292 Halicarn.
290 1249 415 1305 plura
439 1249 551 1291 libro
575 1250 733 1306 primo.

137 1312 248 1356 Ibid.
274 1329 347 1371 ²(th
359 1332 433 1358 τον
442 1331 550 1369 μετα
572 1332 702 1358 ταυτα
719 1307 1020 1371 βασιλεύσαντα
1034 1315 1295 1373 Συρακεσίων
1302 1315 1507 1376 Ἱέρωνα.)
1573 1320 1578 1323 ’

43 1376 133 1421 Hic
153 1379 215 1422 est
236 1378 373 1422 Hiero
393 1381 507 1422 alter
524 1379 723 1422 eiusdem
746 1381 936 1422 nominis
959 1378 1294 1437 Syracussorum
1316 1395 1410 1437 rex,
1429 1384 1508 1439 qui

45 1443 211 1486 virtute
232 1452 278 1487 et
298 1445 532 1499 prudentia
552 1446 738 1499 meruit,
763 1451 808 1487 vt
828 1445 944 1486 inter
967 1443 1173 1487 ran-imma
1199 1445 1414 1489 humanae
1436 1447 1503 1490 fe-

42 1507 228 1551 licitatis
270 1510 475 1565 exempla
515 1523 614 1552 eum
657 1509 809 1566 primis
850 1519 1117 1552 numeretur.
1181 1510 1504 1567 Ampliffimum

45 1575 162 1616 enim
186 1573 501 1631 Syracusarum
529 1575 760 1631 imperium
787 1589 878 1617 non
911 1574 1006 1616 iure
1038 1573 1344 1629 succesfionis'‚
1375 1576 1451 1620 etfi
1477 1592 1503 1620 a

43 1640 283 1682 maioribus
305 1640 526 1695 quondam
545 1639 800 1694 obtentum,
823 1653 967 1696 neque
981 1638 1193 1681 violentia
1216 1650 1260 1683 et
1283 1642 1503 1699 caedibus,

44 1705 118 1746 sed
142 1705 434 1747 admiratione
459 1704 637 1748 virtutis
662 1703 723 1747 est
741 1704 1023 1748 consecutus
1070 1704 1200 1745 semel
1225 1714 1370 1748 autem
1402 1721 1504 1763 par..

43 1780 140 1823 tum
161 1782 347 1824 regnum
370 1768 575 1825 singulari
596 1770 764 1826 semper
785 1770 1046 1825 clementia,
1068 1769 1331 1813 dexteritate
1352 1780 1397 1814 et
1415 1764 1504 1814 fide

43 1834 376 1878 administrauit.
411 1834 584 1876 accessit
610 1833 815 1878 fortunae
843 1832 1124 1890 indulgentia
1152 1833 1361 1890 infignis:
1402 1850 1505 1880 nam

43 1909 91 1943 et
115 1900 247 1942 vitam
268 1899 456 1954 integris
476 1900 678 1942 omnibus
702 1899 886 1941 senfibus
917 1900 1033 1941 vltra
1063 1899 1397 1955 nonagesimum
1427 1915 1508 1945 an·

42 1978 148 2008 num
182 1964 414 2022 produxit,
446 1972 491 2006 et
531 1964 669 2007 tantis
703 1963 885 2020 opibus,
918 1973 1042 2008 tanta
1075 1963 1218 2019 gloria
1245 1965 1421 2021 floruit,
1454 1971 1505 2010 vt

41 2030 290 2086 aequalium
312 2043 469 2086 regum
490 2029 564 2071 vix
589 2029 668 2071 vlli
686 2030 966 2074 concederet.
1027 2028 1098 2071 De
1125 2029 1211 2072 hoc
1232 2030 1328 2073 viro
1353 2030 1504 2075 scribit

40 2095 240 2137 Zonaras
257 2104 383 2136 tomo
405 2109 465 2138 11.
491 2107 637 2150 neque
660 2104 891 2150 paternum
910 2107 1055 2150 genus
1074 2093 1212 2136 vllum
1231 2096 1273 2136 ei
1298 2095 1503 2152 splendo-

40 2172 135 2203 rem
162 2158 439 2210 conciliass'e;
472 2170 717 2201 maternum
736 2172 840 2200 vero
869 2159 1000 2201 etiam
1035 2159 1281 2215 ignominia
1314 2161 1503 2204 seruitu-

41 2225 104 2268 tis
123 2223 246 2267 fuisse
269 2223 555 2267 maculosum.
597 2225 617 2268 ὁ
636 2217 818 2282 Ἱέρων”
792 2239 865 2267 ars
886 2218 1098 2283 πατρόθεν
1125 2220 1407 2280 ἐπιφάνειαν)
1389 2225 1504 2282 ἔχων

40 2286 158 2344 τινὶ,
180 2284 392 2348 ματρὸθεν
422 2291 463 2334 δὲ
483 2291 555 2347 ²t9ti
577 2288 709 2345 δελεὶᾳ
735 2284 965 2347 προσήκων,
991 2289 1184 2340 Σικελίας
1210 2286 1376 2348 virolo-qa
1409 2285 1504 2348 νρέε

41 2351 189 2414 μακρῖ.
251 2353 364 2397 Sane
386 2355 440 2396 de
461 2364 659 2396 materno
680 2352 869 2397 Iustinus
891 2367 1069 2411 quoque
1080 2354 1188 2397 haut
1208 2355 1351 2396 multo
1373 2355 1503 2396 aliter

40 2419 155 2463 libro
177 2434 329 2463 xx111.
351 2425 589 2462 maternum
612 2417 674 2460 illi
689 2431 827 2474 genus
844 2416 1070 2475 sordidum
1098 2424 1224 2475 atque
1245 2417 1349 2460 adeo
1375 2418 1504 2475 pudi-

40 2483 345 2542 bundumsuit.
380 2486 434 2526 de
456 2494 640 2540 paterno
655 2483 810 2525 falsum
832 2485 916 2537 est,
943 2485 1060 2540 quod
1083 2485 1142 2526 ait
1154 2485 1363 2525 Zonaras.
1400 2498 1503 2526 nam

42 2549 275 2592 Hierocles
297 2550 507 2603 Hieronis
528 2557 650 2606 pater
665 2582 677 2604 ‚
702 2548 862 2589 nobilis
889 2549 955 2590 vir
978 2547 1087 2599 fuit,
1119 2547 1230 2590 ficut
1258 2548 1405 2591 scribit
1427 2547 1503 2591 Iu-

41 2614 177 2658 stinus
203 2615 387 2669 ibidem,
410 2615 526 2656 cuius
547 2614 669 2669 origo
691 2626 718 2654 a
740 2612 892 2655 Gelone
919 2613 1091 2668 antiquo
1124 2611 1295 2654 Siciliae
1318 2617 1504 2667 tyranno

42 2678 268 2723 manabat..
319 2680 551 2722 Pausanias
573 2690 720 2720 tamen
751 2678 1040 2734 posteriorem
1071 2676 1318 2719 Hieronem
1342 2677 1503 2734 prioris

44 2745 356 2799 cognominem
394 2746 534 2786 solum
578 2744 773 2800 appellat
802 2743 922 2786 nulla
954 2742 1237 2798 cognationis
1275 2744 1501 2784 mentione

43 2808 173 2852 fath
249 2810 478 2864 Agebatur
501 2822 642 2851 annus
678 2806 941 2849 centefimus
965 2806 1298 2861 nonagefimus,
1324 2807 1499 2862 quando

43 2872 242 2916 Hieroni
251 2874 354 2918 huic
377 2873 655 2950 magistratus
680 2872 822 2929 primo
845 2871 906 2914 est
931 2871 1132 2927 delatus,
1169 2886 1223 2912 ex
1254 2885 1342 2927 quo
1371 2883 1441 2913 vet
1448 2886 1498 2913 us

851 2937 883 2979 C
899 2950 957 2977 cc
993 2950 1016 2976 2.
1312 2950 1391 2992 reg
1377 2951 1500 2977 rnum
