1676 3158
285 117 729 173 eonnssnr
759 76 838 174 in
886 119 1253 177 PoLrssivM
1403 122 1541 190 ’2785

64 246 301 313 &batur
320 244 522 292 honestas
545 255 676 306 atque
699 215 868 293 vtilitas
892 259 1087 307 pugnare
1108 251 1223 294 inter
1254 251 1299 294 se
1328 252 1536 309 videban-

54 300 173 362 ἕπε
207 327 295 371 quo
318 328 480 371 genere
502 314 798 370 quaestionum
824 315 867 358 in
891 325 983 359 tota
1006 317 1184 359 materia
1206 317 1393 374 politica
1421 320 1534 379 1111111

63 377 163 434 'est‚
188 379 305 436 quod
331 390 409 423 aut
429 380 781 423 consultantibus
802 380 1074 424 senatoribus
1097 383 1150 424 ad
1179 383 1426 440 agendum,
1457 375 1534 430 aut

58 452 230 488 ‘verum
251 444 568 501 inquirentibus
597 444 869 503 pliilolophis
896 446 949 487 ad
981 447 1255 502 docendum,
1285 451 1424 491 maius
1454 463 1534 493 ne-

6 547 10 550 <
55 509 246 565 *gotium
271 507 460 553 facessat.
523 509 639 561 Quid
665 522 710 553 et
738 521 945 566 quantum
972 510 1176 554 Vtilitatis
1208 513 1377 569 populo
1398 514 1526 560 Rom.

0 581 9 587 “
70 573 435 617 Mamertinorum
467 574 650 618 societas
686 572 791 618 efl‘et
826 575 1032 626 allatura,
1075 587 1161 618 non
1193 576 1253 619 est
1284 579 1527 625 obscurum.

69 651 172 681 nam
194 653 326 698 quum
345 640 421 681 1113
439 641 695 696 tempestate
708 640 894 682 Romani
921 649 965 684 et
987 637 1123 684 Poeni
1147 641 1219 682 fibi
1241 643 1430 703 inuicem
1445 646 1528 687 im-

66 705 310 747 minerent:
345 705 706 748 Mamertinorum
730 704 962 747 Meffanam
988 703 1284 748 obtinentium
1316 708 1529 753 societate

65 767 179 818 illud
222 769 570 827 consequebatur
598 769 787 827 populus
815 770 997 815 Roman.
1035 779 1082 822 vt
1112 785 1168 812 ex
1201 767 1329 813 Italia
1360 774 1527 818 bellum

65 842 288 878 auerteret
309 836 355 877 10
379 834 585 878 Siciliam.
623 850 753 892 quare
777 850 831 877 eo
856 837 1032 878 nomine
1051 834 1272 878 laudatum
1295 838 1443 894 postea
1465 839 1526 882 est

66 898 444 957 confilium‚quod
457 899 542 943 siue
563 914 587 942 a
611 900 803 957 populo,
817 899 938 942 {iuea
958 901 1153 958 patribus
1168 912 1332 956 ortum,
1345 905 1524 947 tandem

63 963 246 1020 placuit.
283 964 461 1022 Sulpitii
485 964 582 1009 Cos.
606 968 719 1022 apud
742 965 1007 1009 concionem
1030 968 1156 1009 verba
1176 963 1385 1024 fuerunt,
1410 969 1527 1011 refe-

59 1022 191 1072 'rente
210 1026 336 1073 Liuio
359 1031 470 1072 libro
486 1043 539 1080 31.
578 1030 685 1088 Quis
706 1029 895 1084 dubitat,
919 1033 1042 1089 quin,
1054 1031 1095 1088 fi
1115 1031 1372 1088 Saguntinis
1395 1031 1525 1092 obses-

52 1093 116 1151 fis
124 1093 338 1154 fidemque
361 1096 545 1154 nostram
569 1096 915 1151 implorantibus,
934 1097 1116 1152 impigre
1135 1094 1359 1154 tutfflmus
1391 1112 1523 1156 opem,

51 1157 160 1217 ficut
171 1166 326 1217 patres
344 1161 472 1218 nostri
493 1161 767 1203 Mamertinis
779 1163 998 1217 tulerant,
1028 1167 1161 1205 totum
1191 1165 1236 1204 in
1268 1161 1522 1220 Hispaniam

63 1225 261 1282 auersieri
281 1224 431 1268 bellum
442 1225 660 1282 fuerimus
674 1259 685 1281 ,
705 1225 819 1284 quod
845 1223 1077 1270 cunffando
1098 1241 1188 1270 cum
1204 1226 1376 1284 summa
1402 1227 1522 1272 clade

61 1290 204 1348 nostra
224 1291 268 1333 in
289 1290 462 1333 Italiam
491 1292 759 1347 accepimus?
801 1292 1053 1335 Accedebat
1081 1307 1162 1348 eo,
1192 1294 1309 1349 quod
1343 1295 1519 1350 imperii

63 1355 361 1413 amplificandi
387 1357 556 1413 cupidis
582 1356 690 1399 nihil
716 1360 1008 1414 opportunius
1040 1357 1121 1400 hac
1158 1367 1273 1400 noua
1306 1359 1520 1402 societate

59 1422 208 1478 potuit
232 1422 511 1477 contingere.
548 1435 674 1478 nam,
699 1434 746 1466 vt
771 1421 927 1464 Cicero
952 1436 1124 1480 quoque
1152 1419 1324 1477 scribit,
1355 1420 1521 1467 Roma-

59 1498 144 1528 nus
169 1486 358 1543 populus
393 1486 525 1529 sociis
558 1487 845 1530 defendendis
875 1496 1090 1531 terrarum
1124 1489 1320 1530 omniurn
1349 1490 1518 1544 potitus

60 1551 136 1594 est.
201 1550 317 1593 Huic
342 1551 522 1595 vtilitati
547 1566 648 1608 pars
674 1551 815 1595 sanior
837 1563 1008 1610 patrum
1029 1553 1296 1596 honestatem
1320 1567 1518 1610 oppone-—

58 1616 145 1660 bat.
210 1614 360 1673 Turpe
374 1618 492 1659 enim
518 1617 715 1661 futurum
729 1631 849 1670 ,cum
867 1617 1139 1661 Mamertinis
1154 1617 1447 1674 perfidissimis
1473 1627 1519 1664 et

59 1680 634 1725 scelestilfimis·hominibus
654 1684 890 1726 amicitiam
910 1682 1092 1726 iunxiss'e
1106 1719 1115 1735 ,
1150 1694 1280 1740 atque
1299 1685 1410 1726 adeo
1439 1686 1517 1726 de-

58 1745 298 1789 fensionem
322 1760 474 1790 eorum
499 1747 748 1805 suscepiffe,
787 1750 858 1805 qui
890 1746 1070 1790 immani
1103 1749 1285 1806 perfidia
1318 1749 1515 1807 hospites

56 1811 156 1854 suos
177 1811 527 1856 obtruncass'ent:
563 1811 763 1855 Romano
783 1823 926 1856 autem
951 1817 1117 1871 populo
1134 1813 1325 1857 futurum
1343 1814 1429 1857 hoc
1449 1824 1518 1858 et-

57 1877 145 1919 iam
170 1878 340 1934 turpius
365 1891 491 1933 quarn
515 1877 640 1930 aliis3
687 1881 787 1935 quia
809 1881 966 1920 ceteris
992 1894 1145 1920 eorum
1172 1877 1297 1922 safris
1328 1888 1373 1922 et
1408 1879 1516 1922 fidei

57 1942 260 1998 publicae
275 1976 286 1997 ‚
311 1943 437 1986 cuius
462 1943 599 1984 seueri
622 1944 923 1986 obseruatores
943 1943 1089 1986 haberi
1114 1945 1302 2001 vellent,
1325 1942 1430 1987 haec
1444 1945 1516 1987 so--

56 2008 196 2049 cietas
218 2015 509 2064 repugnaret:
542 2009 740 2051 leuitatis
767 2017 811 2050 et
835 2009 1152 2052 inconstantiae
1176 2010 1341 2065 grande
1376 2008 1517 2066 speci*-

58 2083 159 2115 men
181 2074 321 2115 daturi
342 2081 513 2129 patres,
535 2072 565 2115 fi
587 2074 680 2130 post
713 2071 888 2115 exaftas
921 2088 1085 2130 poenas
1116 2073 1382 2130 grauiffimas
1404 2088 1429 2116 a
1451 2076 1517 2117 le-

57 2139 191 2193 gione
214 2138 407 2180 Romana
428 2137 638 2194 perfidiae
662 2139 705 2180 in
720 2136 948 2194 Rheginos
971 2138 1188 2194 admifl'ae,
1223 2140 1515 2182 Mamertinos

57 2203 252 2245 eiusdem
275 2203 452 2245 sceleris
473 2218 573 2246 reos
597 2204 684 2247 suis
718 2205 882 2246 viribus
905 2204 1171 2261 susciperent
1198 2205 1517 2261 protegendos.

56 2265 182 2310 Haec
204 2268 263 2311 est
294 2267 370 2310 illa
401 2266 620 2311 fastorum
650 2269 938 2325 inaequalitas
968 2281 1012 2312 et
1041 2269 1358 2325 inconstantia,
1389 2283 1517 2325 quam

5 2383 8 2387 λ
54 2332 270 2390 Polybius
291 2333 363 2375 hic
381 2334 575 2390 appellat
599 2334 913 2391 elegantissime
927 2367 940 2389 ,
962 2330 1236 2390 ἐέόφᾶοιλμον
1249 2334 1428 2386 eloym.
1465 2333 1516 2376 In

55 2396 194 2441 Galba
218 2408 345 2442 notat
363 2399 701 2442 inconstantiam
713 2397 891 2443 Sueton.
910 2410 989 2456 cap
1017 2415 1052 2449 9.
1089 2399 1159 2442 vbi
1182 2399 1242 2442 est
1266 2414 1353 2440 vox
1379 2399 1516 2440 scele-

1 2519 4 2521 ‚
52 2471 146 2506 rata
160 2496 172 2520 ‚
199 2479 282 2521 qua
303 2465 345 2506 se
367 2464 568 2507 tuebatur
590 2463 754 2508 Galba:
792 2466 991 2506 neminem
1013 2465 1087 2505 otii
1099 2464 1171 2522 fici
1190 2465 1396 2506 rationem
1418 2462 1517 2506 red-2

53 2527 154 2570 dere
177 2530 282 2585 cogi.
325 2530 462 2586 Atqui
490 2544 591 2572 vera
611 2529 750 2572 cauffa
782 2538 876 2571 erat
905 2531 976 2572 vel
1009 2540 1149 2572 metus
1174 2544 1197 2571 a
1219 2529 1438 2584 principe,
1467 2535 1515 2571 vt

52 2593 243 2637 ostendit
264 2593 380 2638 Suet.
407 2594 480 2636 vel
503 2596 681 2651 propria
704 2594 906 2650 ign-aula,
930 2604 975 2636 et
998 2594 1059 2637 est
1080 2609 1150 2637 res
1175 2594 1398 2642 notanda„
1423 2592 1513 2635 Dio

22 2695 23 2698 ,
51 2658 132 2700 1110
156 2661 260 2701 1000
282 2654 397 2715 quafi
418 2673 473 2701 ex
497 2659 687 2715 professo
714 2673 868 2702 vocem
893 2656 1055 2700 Galbae
1079 2660 1281 2701 constitu
1298 2693 1308 2712 ,
1331 2653 1416 2711 ἕτι,
1441 2658 1513 2701 vbi

51 2733 131 2779 per
155 2724 428 2766 occafionem
452 2724 715 2772 disceffimus
740 2738 762 2766 3
785 2725 956 2766 ratione
980 2725 1095 2766 vitae
1130 2724 1363 2772 consueta,
1387 2722 1512 2779 paul*

51 2788 175 2830 latim
196 2787 469 2831 assuescimus
492 2790 717 2845 ignauiae,
740 2782 894 2831 deinde
914 2789 1032 2830 illam
1048 2802 1253 2830 amamus.
1292 2787 1409 2830 Nota
1425 2788 1513 2830 Ta-

51 2853 129 2895 citi
149 2866 339 2910 pag.335.
366 2855 419 2897 de
447 2854 603 2904 Galba:
648 2865 776 2913 mque
797 2855 904 2897 enim
936 2853 996 2895 ad
1024 2854 1130 2896 lianc
1150 2854 1346 2910 formam
1375 2859 1514 2894 cetera

862 2920 897 2961 D
912 2921 937 2962 d
952 2920 978 2962 d
1375 2922 1513 2959 crant⁴

1580 44 1602 62 3¹
