1676 3158
457 132 697 178 NOTAE
732 135 809 179 IN
851 133 1226 181 POLYBIVM.
1480 150 1568 196 907

148 224 203 260 ’θ’
197 248 252 296 ’Ἰ
268 251 473 313 Ortelio,
494 270 594 299 cum
620 255 825 301 scriberet
846 255 1074 312 Lingonas
1097 255 1226 299 Liuio
1247 254 1331 298 esse
1352 257 1469 299 inter
1488 255 1569 298 Pa-

240 317 485 377 Alpesque.
537 321 675 374 Quod
700 321 732 364 fi
761 321 822 364 ita
848 319 981 377 esset,
1012 324 1134 364 cei-te
1164 319 1395 364 dostiffimi
1413 321 1499 364 viri
1518 322 1577 364 in.

203 396 230 425 c
250 384 551 429 coniecturam
569 402 658 430 non
686 385 874 431 iuifi'ent.

115 463 130 486 ³
176 446 268 492 ’·ῙῙ
290 461 348 499 19.
383 450 537 496 Λευκίε
558 471 607 497 w
632 449 810 510 §party-{3
829 445 1144 525 relevrzicoevrof
1156 448 1309 497 Μάνιον
1328 450 1592 509 ἐπικατέτη-’

44 523 52 572 ⁶.
94 530 194 562 ,σαν
211 507 392 574 Κόριον.)
429 514 531 559 Cum
549 515 701 575 occisus
711 515 856 575 fuiffet
869 515 917 558 L.
929 515 1090 574 consul,
1112 518 1156 559 in
1169 518 1257 559 eius
1269 516 1485 559 locumM’
1486 529 1569 560 cos.

116 578 170 637 efl
183 577 403 637 suffeffus.
463 581 732 625 Huiusmodi
752 596 808 623 ex
823 579 1021 624 verfione
1042 580 1277 638 Sigonius,
1290 581 1566 637 Onuphrius‚

114 642 329 699 Caluisius
349 645 512 688 bellum
535 644 754 690 Gallicum
780 646 1027 689 coniiciunt
1042 647 1087 689 in
1109 659 1272 689 annum
1295 647 1346 688 ab
1360 661 1406 689 v.
1422 650 1568 698 e.469.

117 721 206 765 quo
227 708 277 751 L.
299 709 515 754 Caecilius
536 711 743 754 Metellus
762 710 807 756 C.
833 710 1047 754 Seruilius
1069 711 1222 754 Tucca
1246 711 1450 754 consules
1472 711 1570 753 fue-

115 782 245 829 runt,
264 782 313 818 et
330 773 523 819 Caecilio
546 777 693 820 occiso
713 775 935 819 sufficiunt
958 776 1014 818 Μ’
1026 774 1205 819 Curium
1225 775 1465 819 Dentatum
1484 777 1569 818 ite-

115 852 238 882 rum:
270 853 401 896 quem
427 849 474 884 et
496 850 651 898 quater
672 842 896 885 consulem
919 840 1112 886 faciunt:
1146 855 1247 884 cum
1273 841 1492 884 fateantur
1520 841 1569 882 in

109 902 232 947 ¹libro
244 903 493 962 cuspiniani
508 920 623 948 anno
638 907 810 948 demum
823 917 911 958 478.
923 906 1052 961 poni:
1076 906 1116 949 D
1126 906 1164 948 E
1178 905 1216 948 N
1229 906 1318 949 TA
1331 906 1371 949 T
1382 906 1425 952 V
1435 905 1464 949 S
1496 905 1518 948 I
1530 903 1568 947 I.

118 978 166 1011 et
187 968 382 1029 sequenti
394 1005 406 1025 ,
427 971 467 1013 D
478 971 515 1012 E
528 970 568 1013 N
582 970 623 1014 T
635 972 671 1014 A
685 971 725 1014 T
736 971 778 1016 V
789 970 817 1014 S
852 970 953 1013 III.
1018 971 1158 1028 ‚Atqui
1172 971 1382 1029 Polybius
1401 985 1492 1013 non
1507 969 1572 1012 ait

117 1031 305 1077 Lucium
326 1035 551 1079 consulem
574 1035 796 1091 cecidisse,
829 1035 899 1078 sed
920 1033 1142 1094 ςρατηγδν,
1176 1035 1261 1078 hoc
1286 1037 1368 1091 est,
1392 1043 1571 1092 praeto-

118 1112 240 1154 rem,
260 1101 630 1156 quemadmodum
653 1109 696 1143 et
719 1101 900 1144 Liuiana
925 1102 1115 1157 epitome
1136 1101 1208 1145 lib.
1228 1115 1280 1143 12.
1311 1109 1359 1145 et
1389 1100 1573 1146 Orofius

118 1162 192 1207 lib.
215 1177 237 1213 3
252 1197 265 1219 ‚
283 1178 347 1221 2²1·
369 1179 468 1208 eum
493 1175 681 1211 vocant:
718 1166 907 1222 satisque
928 1165 1161 1209 ostendunt
1193 1165 1392 1210 functum
1412 1180 1466 1208 eo
1488 1166 1573 1209 ho-

109 1223 231 1272 ‘nore
249 1229 344 1286 post
374 1230 651 1274 consulatum
674 1231 842 1288 gestum
861 1246 896 1275 a.
917 1244 1012 1284 470.
1035 1230 1078 1274 P.
1102 1230 1312 1274 Cornelio
1341 1230 1598 1275 Dolabella'

122 1293 201 1339 Cn.
217 1293 420 1338 Domitio
441 1294 552 1339 Coss.
616 1296 731 1339 Tum
752 1296 890 1352 igitur
905 1331 916 1352 ‚
948 1296 1065 1353 quod
1088 1297 1216 1339 ambo
1243 1295 1351 1342 Coff.
1372 1296 1473 1339 alibi
1494 1312 1574 1341 oc-

120 1360 273 1416 cupati
294 1358 452 1415 efflent,
483 1361 687 1404 aduersus
710 1360 863 1404 Gallos
887 1362 1114 1404 Arretium
1147 1360 1390 1404 obsidentes
1421 1361 1573 1418 profe-

122 1421 221 1467 stus
242 1426 432 1480 cecidit,
447 1433 502 1468 et
523 1427 567 1468 in
589 1436 794 1482 praetura
814 1427 856 1468 ei
879 1424 1082 1468 suffectus
1104 1425 1164 1468 est
1184 1427 1381 1468 Manius:
1415 1427 1489 1468 sed
1509 1429 1575 1471 rei

122 1489 311 1534 bellicae
332 1490 444 1533 nihil
464 1490 588 1547 gestit
602 1525 613 1544 ‚
634 1493 736 1547 quia
755 1506 859 1533 mox
878 1489 1044 1533 reliffis
1069 1491 1196 1532 rebus
1217 1491 1395 1533 adfuere
1418 1491 1575 1536 consu-

122 1553 204 1599 les.
266 1555 361 1598 Nec
386 1564 522 1611 negat
543 1556 628 1597 hoc
651 1556 887 1613 Polybius,
910 1566 954 1598 et
974 1570 1026 1597 ex
1047 1555 1117 1598 his
1148 1555 1250 1612 ipfis
1281 1558 1575 1613 interpretau-

125 1620 210 1663 dus
231 1620 315 1677 est,
348 1629 397 1663 vt
417 1621 470 1663 ad
492 1620 694 1662 Orofium
715 1635 890 1677 quoque
913 1621 1110 1675 notauit,
1130 1630 1175 1662 et
1196 1621 1242 1663 in
1257 1621 1437 1664 Perotto
1457 1622 1574 1665 hunc

124 1699 318 1728 errorem
348 1685 629 1742 reprehendit
663 1684 930 1728 dottiffimus
969 1685 1038 1728 Fr.
1062 1685 1302 1729 Fabricius.
1355 1685 1455 1728 Hoc
1482 1700 1577 1729 me-

123 1763 226 1794 cum
246 1752 590 1793 communicauit
609 1751 746 1794 Pater.

218 1815 280 1858 II.
301 1830 360 1859 21.
394 1815 468 1860 Ἐν
499 1817 532 1861 Γ
533 1816 683 1872 αλαὲι-ίᾳ
721 1812 795 1874 τῆν
821 1813 1095 1871 Πικεντίνην.)
1137 1813 1304 1857 Galliae
1342 1813 1578 1873 Cisalpinae

124 1893 284 1938 agrum
309 1881 524 1924 Picenum.
596 1879 764 1934 Credo,
797 1880 936 1922 voluit
967 1879 1152 1921 scribere
1179 1878 1468 1937 Cispadanae:
1510 1882 1578 1924 ni-

125 1947 210 1989 mis
227 1947 346 1988 enim
371 1946 547 1989 absurda
569 1945 660 1988 istis
692 1945 963 2001 temporibus
991 1944 1096 1986 haec
1119 1943 1353 1989 distinetio.

218 2009 672 2066 11.27.E1’411l.wx;)
705 2007 1254 2065 Admodumimperfestus
1266 2008 1450 2052 Latinus
1469 2024 1579 2052 con-

125 2081 304 2132 textus,
330 2076 431 2132 quia
451 2076 495 2118 in
509 2090 561 2117 eo
582 2074 690 2117 haec
712 2072 915 2154 neglecta
932 2073 1045 2117 sunt.
1081 2073 1204 2130 Ergo
1228 2074 1353 2118 adde.

219 2140 277 2184 Π.
289 2151 350 2187 28.
364 2137 753 2198 Ταυρίσκεςκςᾳτες
770 2145 837 2184 em
831 2138 944 2182 τάδε
957 2157 1007 2183 τε
985 2134 1139 2183 Hibe
1150 2138 1411 2188 κατοικὲἶντας
1422 2134 1548 2188 Βοιές.
1555 2138 1578 2192 )

132 2204 355 2263 Tauriscus
382 2211 422 2247 et
445 2205 624 2260 populos
659 2203 1003 2263 Timatgspadanos
1077 2202 1261 2259 Nescio,
1295 2219 1377 2261 qua
1407 2204 1580 2245 ratione

127 2280 277 2314 motus
297 2273 316 2315 ὁ
339 2266 449 2314 πάνυ
468 2271 531 2313 ita
550 2270 679 2311 dubie
704 2280 878 2312 vertere
899 2268 1128 2323 maluerit,
1152 2283 1279 2324 quam
1298 2268 1462 2311 Graeca
1485 2283 1582 2311 ver-

126 2335 180 2378 ba
201 2335 333 2391 sequi.
393 2333 462 2377 lta
480 2336 597 2376 enim
620 2334 734 2377 nulli
757 2333 921 2376 fuerint
941 2334 1014 2375 hic
1034 2332 1284 2390 Cispadani‚
1312 2347 1411 2374 cum
1434 2341 1582 2376 tamen

129 2401 229 2444 Boii
246 2400 435 2442 maxime
468 2400 718 2442 concitores
753 2397 859 2441 belli
888 2398 1064 2441 fuerint.
1128 2397 1265 2443 Verte
1306 2395 1413 2442 κατοῖ
1442 2395 1581 2455 πόδας,

135 2462 359 2521 Tam-tscos
376 2470 416 2506 et
435 2465 668 2507 citeriorem
689 2464 807 2506 Padi
825 2465 966 2520 ripam
995 2460 1220 2520 (respestu
1245 2462 1438 2521 Romae>
1465 2461 1585 2507 habi-

129 2535 270 2575 tantes
287 2530 432 2572 Boios.
475 2559 482 2565 -,

227 2595 337 2638 lbid.
370 2595 475 2651 ssepi
505 2589 626 2643 αὐτ-ἐς
648 2589 887 2650 ἐξήταῶν.)
918 2592 1017 2635 Hoc
1038 2590 1277 2636 casauboni
1301 2591 1373 2637 est.
1416 2593 1587 2649 priores

130 2661 198 2710 &Ze
194 2657 332 2718 ·’ταζωι
394 2657 479 2701 Sed
500 2659 576 2701 nili
600 2657 753 2713 fallor,
789 2659 931 2700 voluit
962 2658 1145 2700 scribere
1171 2655 1389 2716 ἐέκρταον,
1423 2658 1495 2700 vel
1518 2660 1590 2711 ἐξ·

131 2721 336 2784 ήρτασαιν·
369 2723 482 2766 nihil
507 2723 623 2765 enim
644 2723 754 2764 illud
779 2722 987 2778 praestat,
1008 2732 1051 2765 et
1071 2723 1155 2764 hoc
1181 2723 1465 2767 verbovtitur
1476 2737 1588 2780 quo..

141 2804 227 2846 que
250 2805 318 2831 xv
326 2805 365 2831 11
385 2805 478 2841 ‚.14
543 2785 629 2836 ‘Ti-*c
660 2790 736 2841 μὲν
758 2783 907 2847 &verer
937 2791 1019 2838 τοῖς
1050 2784 1194 2845 δχευσι
1223 2791 1303 2839 τοῖς
1325 2788 1518 2838 σκυτίνοις
1540 2795 1588 2832 ἐκ

134 2853 216 2900 τῶν
238 2872 354 2910 ωμων
379 2847 656 2912 ἐξηρτηκὸτες.

1461 2917 1590 2968 11.31.
