1742 3230
533 165 578 205 κ’.
601 177 640 203 ix
673 175 718 203 ιι
752 169 792 203 ε.
825 159 862 202 f
896 158 940 204 A
974 158 1016 203 Τ
1052 157 1075 202 1
1111 158 1168 205 0.
1438 171 1588 203 xxix!

95 282 393 358 ἶ,διίίῐεειιίὶε
412 286 469 341 in
487 299 869 360 perpaucorum
890 279 1124 340 manibus
1148 281 1297 356 esset,
1338 286 1472 340 etita
1490 283 1586 340 sta·

105 370 230 438 tim,
266 364 395 444 quid
422 383 451 422 a
484 362 757 441 casaubono
787 378 1081 438 receptum,
1143 380 1198 422 et
1236 365 1412 441 quoad
1444 364 1584 436 effer,

106 447 236 526 quid
269 465 381 504 non
416 445 568 516 effet,
610 448 665 502 in
686 443 874 502 oculos
904 447 1209 502 incurreret:
1249 446 1338 504 sed
1359 459 1584 521 praeter-

59 523 74 535 *
108 548 295 607 quam,
337 527 484 605 quod
517 546 586 583 ex
612 525 707 583 hac
727 524 1103 583 commoditate
1129 530 1253 584 oriri
1278 526 1584 585 videbamus

106 609 215 669 hoc
234 609 666 678 incommodum,
706 606 850 683 quod
872 604 1158 664 Basileenfis
1179 606 1338 666 lectio
1363 627 1470 665 non
1493 626 1584 683 ap-

106 704 335 768 pareret,
390 692 544 747 nimis
587 687 789 746 molesti
842 706 901 744 ac
937 689 1166 746 diuturni
1206 688 1397 748 laboris
1440 687 1585 746 futu-

107 790 226 830 tum
248 783 369 828 erat.
432 799 434 801 >
528 823 531 825 ,

123 887 127 892 ·
164 881 170 903 ι,
227 851 270 909 Ι.
290 853 359 910 A.
379 851 621 909 Fabricius
652 849 860 907 volebat
896 853 977 923 (in
1014 848 1145 910 Bibl.
1176 851 1406 927 Graeca)
1439 870 1584 923 eum,

107 936 199 1014 qui
218 952 413 991 nouam
435 933 723 990 editionem
745 930 944 1006 Polybii
966 947 1193 1002 curaret,
1224 933 1584 990 Boeclerianas

108 1015 402 1089 (LAugust.
418 1012 688 1081 lectiones,
712 1015 992 1084 Argentor.
1016 1016 1167 1080 1680.
1192 1013 1386 1087 editas,
1426 1013 1588 1070 adde-

106 1115 183 1155 re.
273 1096 334 1153 ld
374 1114 473 1152 nos
517 1093 841 1168 negleximus
880 1108 1243 1169 praeceptum,
1309 1110 1588 1170 propterea

108 1175 257 1254 quod
274 1176 383 1234 hoc
403 1178 639 1247 Codice,
682 1189 738 1231 vt
761 1176 905 1251 supra
932 1179 1255 1245 notauimuS,
1290 1179 1393 1232 iam
1421 1178 1490 1232 ita
1517 1172 1588 1232 vfi

108 1258 226 1315 fiunt
249 1255 552 1316 Basileenses
574 1256 829 1326 editores,
865 1272 919 1311 vt
954 1275 1084 1332 quae
1114 1255 1250 1314 bona
1281 1256 1467 1325 essent,
1507 1274 1589 1311 re-

111 1342 345 1415 ciperent
383 1341 437 1395 in
469 1353 700 1407 textum,
750 1336 839 1393 alia
876 1340 928 1392 in
973 1340 1202 1410 margine
1245 1336 1588 1404 exhiberent;

108 1418 361 1496 permulta
415 1435 591 1476 autem
651 1419 766 1474 sunt
810 1415 1071 1473 manifesta
1127 1422 1249 1475 vitia
1294 1419 1588 1493 scripturae,

110 1520 242 1577 quae
277 1499 440 1555 multa
476 1517 598 1554 cum
635 1497 868 1553 editione
900 1501 1062 1572 prima
1085 1503 1388 1556 communia
1412 1497 1586 1556 habet.

109 1586 286 1657 ltaque
316 1580 425 1636 hoc
461 1577 703 1635 relietum
736 1576 794 1635 fit
823 1582 900 1647 ei,
947 1583 1037 1654 qui
1073 1595 1308 1636 accurate
1343 1579 1591 1654 posthaec

111 1675 315 1728 textum
339 1660 403 1716 ad
424 1659 585 1716 libros
607 1659 820 1733 scriptos
842 1672 896 1714 et
913 1660 1084 1715 editos
1114 1660 1376 1718 recensere
1406 1674 1460 1715 et
1491 1679 1590 1716 no-

107 1746 180 1800 tis
201 1740 443 1799 illustrare
465 1739 720 1808 instituet,
747 1752 828 1811 vt,
852 1758 983 1816 quae
1006 1740 1274 1814 supersunt
1296 1743 1349 1795 in
1379 1740 1489 1807 his,
1509 1742 1592 1812 (et

109 1822 227 1882 sunt
246 1821 364 1878 sane
388 1820 672 1898 quaedam)
713 1820 867 1892 digna
897 1819 1234 1878 adnotatione
1272 1836 1325 1878 et
1349 1820 1487 1877 vtilia
1524 1822 1591 1877 ad

113 1902 530 1971 emendandum,
581 1903 644 1956 iis
691 1899 771 1955 vel
810 1904 863 1956 in
895 1902 1007 1975 ipso
1041 1918 1191 1959 textu
1224 1902 1590 1959 constituendo

109 1999 281 2041 vtatur
295 2027 314 2055 ,
333 1980 421 2040 vel
437 1985 492 2038 in
516 1985 658 2038 notis
677 1999 1077 2039 commemoret.

235 2061 538 2121 Verfionem
585 2061 875 2137 Casauboni,
919 2062 1006 2120 etfi
1055 2083 1164 2118 non
1205 2061 1591 2136 ignorabamuS,

116 2143 352 2223 pluribus
370 2144 502 2201 locis
530 2144 609 2199 vel
633 2162 661 2200 a
687 2143 830 2199 senlu
850 2163 1156 2217 graecorum
1182 2143 1465 2200 verborum
1501 2145 1593 2200 ab·

117 2245 315 2297 errare,
378 2223 465 2281 vel
492 2242 520 2281 a
544 2227 857 2300 proprietate
881 2223 1190 2293 verborum,
1231 2245 1359 2296 vage
1392 2225 1594 2282 tensum

117 2306 491 2382 exprimend0‚
530 2305 753 2381 denique
775 2303 1078 2363 structuram
1099 2308 1351 2362 orationis
1382 2325 1595 2378 graecae

119 2388 636 2464 implicationemque
659 2387 1024 2442 sententiarum
1059 2387 1235 2460 saepe,
1274 2387 1361 2442 vbi
1382 2388 1596 2443 neceffi-

122 2484 229 2539 ωε,
263 2468 372 2524 hoc
405 2468 478 2523 est
511 2465 714 2540 linguae
739 2465 922 2523 latinae
948 2467 1178 2537 indoleS‚
1213 2487 1319 2523 non
1348 2466 1596 2523 desidera-

122 2549 240 2621 bat,
277 2547 539 2615 deserere3
595 2546 783 2624 quibus
815 2546 969 2607 rebus
1011 2547 1227 2604 subinde
1261 2548 1597 2604 vehementer

125 2630 376 2704 deceptus
403 2629 475 2684 est
496 2631 770 2686 Francicus
794 2631 1041 2703 interpres
1066 2632 1118 2684 in
1143 2627 1419 2684 Folardino
1444 2627 1596 2701 Poly-

123 2710 241 2767 bio:
290 2724 463 2766 tamen
498 2708 810 2782 interpolare
842 2728 951 2765 non
993 2709 1320 2765 sustinuimus
1354 2708 1596 2783 alienum,

125 2792 419 2867 praesertim
440 2794 567 2847 tanti
589 2793 716 2859 viri,
745 2809 895 2865 opus,
973 2794 1038 2846 Et
1068 2788 1310 2845 volumus
1338 2809 1459 2860 e08,
1505 2796 1597 2866 qui

126 2889 307 2945 graeca
330 2871 429 2946 ipss
455 2872 773 2946 cognoscere
797 2874 1038 2948 cupiunt,
1077 2888 1106 2926 a
1126 2867 1357 2930 versione
1382 2870 1601 2930 abstine-

912 2949 1027 3027 b4
1542 2971 1599 3011 re
