1676 3158
0 192 27 212 g:

260 159 279 186 ³
342 176 697 235 COMM'ENT.
737 190 813 237 IN
860 190 1239 237 POLYBIVM.
1438 191 1528 248 789

0 322 26 349 *s
39 300 181 383 Qut,
189 307 327 372 quod
356 310 554 370 excusari
581 310 802 372 difficulter
826 313 957 373 pofflt.
1030 312 1157 355 Hanc
1190 309 1524 371 interpretatio-

0 382 21 411 ss'-

52 364 161 434 ἧβαι
183 372 450 421 confirmant
482 377 560 421 ista
578 393 602 419 e
622 377 737 420 libro
761 380 892 422 tertio
918 379 1048 421 verba
1070 379 1124 420 de
1144 377 1440 419 Mamertinis.
1485 374 1536 421 οἵ

55 448 160 492 τινε..
177 443 204 488 a'
222 441 344 498 μόνον
364 440 440 499 τήν
465 439 707 502 Μεσσηνίων
730 442 876 501 πόλιν,
903 441 1010 489 αἰλοὶ
1023 446 1095 502 ²19⁶)
1115 440 1190 501 τήν
1199 441 1384 500 Ῥηγίνων
1394 458 1524 502 ταρι-

54 499 300 565 σπίνδησσιν.

153 571 264 615 Ibid.
299 572 325 617 ἐ
342 566 464 626 μόνον
487 569 598 617 κριτοὶ
617 569 690 629 τήν
710 568 904 630 Λιβύην.)
939 573 1161 630 Expunge
1180 572 1385 617 voculam
1394 566 1521 627 κιττοὶ,

52 651 175 695 quae
194 647 240 681 et
261 637 577 680 Hellenismum
602 647 647 681 et
666 640 728 681 rei
751 641 983 682 veritatem
1003 638 1259 694 corrumpit.

149 702 258 746 Ibid.
291 702 572 759 Καρχηδονίες
602 701 714 751 οἱονεὶ
741 701 978 763 γεφυρῶσαι]
997 700 1080 759 ’τήν
1109 703 1165 751 εἰς
1186 702 1367 748 Ἰταλίαν
1386 701 1522 752 αὐτοῖς

52 763 286 823 διαίβκσιν.)
322 766 552 814 Messanam
574 769 767 825 appellat
793 769 909 826 quasi
931 778 1113 826 pontem
1132 768 1186 809 ad
1208 766 1519 810 traiiciendum

56 847 81 875 e
102 832 254 876 Sicilia
271 834 316 875 in
339 831 536 889 Italiam,
561 835 663 890 quia
687 834 747 877 est
767 835 819 876 ad
841 833 1005 880 fretum
1018 833 1116 876 fita:
1154 833 1256 875 alibi
1277 831 1386 874 solet
1400 832 1521 873 eius-

54 899 174 941 modi
197 898 296 941 loca
315 894 554 957 ἐπιβάθρας
573 913 851 956 nuncupare,
874 899 994 956 quod
1012 899 1128 942 idem
1148 898 1221 941 est.
1259 905 1308 940 vt
1329 896 1382 938 de
1394 896 1520 954 Aby-

55 964 139 1005 do:
175 962 253 1018 ἕνα,
266 958 339 1007 ἐοῖν
350 959 560 1021 πρόθηται]
571 959 793 1020 διαβοιῖνειν
806 958 927 1014 zzz-314·
946 964 1001 1013 εἷς
1013 960 1086 1021 τήν
1098 964 1147 1008 'A
1155 964 1259 1015 σιάν,
1280 957 1521 1018 ἐπιβάθραν

54 1028 148 1085 ἔχοι
166 1024 240 1086 τήν
250 1022 445 1082 ”Αβυδον.
483 1028 584 1073 vide
603 1028 851 1086 fragmenta
872 1043 897 1070 e
919 1028 1062 1072 Suida.
1108 1028 1179 1071 Sic
1199 1028 1425 1070 Diodorus
1439 1026 1518 1081 ait,

53 1091 317 1151 Lilybaeum
343 1092 519 1135 Siciliae
544 1092 628 1135 efl'e
649 1093 1078 1150 Carthaginiensibus
1101 1088 1343 1151 ἐπιβάθραν
1366 1092 1521 1134 ineam

51 1158 250 1202 insulam.
315 1158 367 1204 In
390 1158 612 1223 Plutarchi
641 1159 873 1203 Demetrio
891 1158 1102 1207 ,Athenae
1130 1159 1337 1207 dicuntur
1367 1151 1522 1215 ἐπιβαί-

53 1224 143 1283 θρα
163 1221 232 1282 τῆς
249 1218 460 1273 ‘Emolboc

151 1291 184 1334 Ι.
209 1304 244 1334 11
295 1291 368 1344 κςι)
393 1286 439 1338 τὸ
457 1290 532 1343 μὲν
556 1290 755 1347 συνέδριον
775 1289 834 1334 3'6’
843 1289 897 1339 εἰς
919 1288 1037 1338 τέλος
1047 1283 1222 1346 ἐκύρωσε
1233 1283 1305 1342 τῆν
1316 1282 1521 1343 γνώμην.)

54 1352 215 1397 Raram
229 1361 273 1397 et
293 1354 607 1399 obseruandam
626 1369 720 1397 rem
738 1363 886 1397 narrat
910 1351 1520 1414 P01>bius;populum1fine

54 1427 232 1476 patrum
266 1417 556 1474 auctoritate,
610 1428 767 1462 contra
795 1434 925 1476 quam
956 1433 980 1460 e
1016 1419 1143 1462 Liuio
1176 1429 1278 1463 ante
1298 1418 1517 1472 diximus,

55 1483 310 1528 societatem
337 1485 700 1528 Mamertinorum
725 1483 920 1541 probasse
935 1519 946 1540 ‚
971 1499 1019 1527 ac
1032 1483 1255 1529 ferendam
1277 1483 1366 1525 illis
1387 1495 1519 1540 opem

56 1548 241 1593 sciuisse.
304 1549 444 1595 Erant
467 1550 565 1592 sane
585 1549 741 1606 populi
763 1559 911 1606 partes
934 1551 988 1592 de
1011 1563 1145 1611 pace,
1168 1548 1286 1591 bello
1306 1558 1349 1590 et
1378 1547 1519 1591 socie-

54 1622 148 1658 tate
171 1614 381 1668 statuere,
402 1628 450 1657 vt
468 1615 580 1656 libro
608 1615 729 1657 sexto
751 1615 986 1661 docemur:
1033 1615 1107 1658 sed
1138 1614 1222 1655 hoc
1247 1627 1336 1656 non
1356 1612 1517 1667 aliter,

56 1693 186 1737 quam
207 1680 277 1722 vbi
298 1687 471 1737 patrum
492 1678 658 1723 factum
681 1679 787 1722 efl'et
808 1682 1035 1722 decretum
1049 1714 1061 1734 ‚
1094 1680 1211 1735 quod
1237 1679 1417 1734 proprie
1438 1691 1519 1719 au-

56 1744 235 1788 Horitas
259 1744 495 1791 dicebatur.
557 1745 725 1791 Verum
748 1759 803 1787 ex
824 1746 903 1787 hac
926 1754 971 1787 et
994 1745 1205 1787 fimilibus
1237 1743 1426 1786 historiis
1450 1743 1519 1784 in-

55 1811 329 1867 telligimuS,
360 1810 642 1866 magistratus
663 1810 793 1863 illos,
830 1811 989 1867 quibus
1028 1810 1188 1865 agendi
1220 1822 1322 1853 cum
1346 1807 1518 1866 populo

55 1877 126 1919 ius
146 1875 258 1930 fuit,
285 1884 333 1918 vt
353 1875 499 1932 legem
519 1875 712 1931 aliquam
742 1883 978 1932 rogarent,
1007 1889 1097 1917 non
1129 1874 1300 1932 semper
1329 1873 1518 1915 consen-

53 1941 150 1986 sum
170 1942 344 1984 senatus
368 1938 644 1997 exspectafl'e.
710 1940 856 1991 Quum
887 1948 1035 1982 autem
1066 1939 1272 1985 ferendae
1296 1939 1349 1983 ad
1373 1950 1519 1994 popu-

54 2006 148 2050 lum
170 2006 544 2065 promulgationis
565 2006 636 2048 ius
659 2004 867 2048 haberent
889 2005 1065 2058 consul,
1087 2012 1262 2061 praetor
1276 2038 1287 2059 ‚
1310 2001 1516 2057 uitiator,

53 2071 260 2128 magister
286 2072 486 2127 equiturn
511 2078 555 2113 et
583 2070 777 2112 interrex
793 2105 804 2126 ,
829 2071 974 2126 legem
1003 2070 1123 2114 istam
1148 2069 1326 2114 videtur
1349 2065 1518 2110 sciuisse

52 2137 249 2195 populus
273 2136 579 2192 interrogatus
601 2150 624 2176 a
642 2147 870 2191 praetore:
905 2149 1003 2181 nam
1027 2135 1196 2179 subiicit
1215 2134 1357 2179 statim
1382 2132 1520 2189 Poly-

52 2202 152 2245 bius
166 2196 390 2258 ,ὠφελείας
407 2196 610 2258 ’προδήλες
632 2202 704 2257 ²154)
727 2200 913 2254 μεγάλοις
937 2197 1246 2245 ὑποδεικνύντων
1268 2196 1348 2243 τῶν
1370 2216 1519 2255 §parry-

50 2264 144 2322 γῶν.
199 2280 310 2323 quae
335 2266 465 2309 verba
490 2267 543 2307 de
576 2280 629 2312 eo
652 2266 903 2321 magistratu
939 2266 1222 2322 accipienda,
1264 2265 1338 2320 qui
1369 2263 1519 2317 legem

53 2331 257 2389 rogauit3
294 2331 367 2374 sed
373 2331 690 2388 appellatione
722 2329 927 2389 ςροιτη-γῶν
957 2329 1110 2373 auctor
1134 2331 1269 2376 modo
1284 2336 1515 2384 praetores

55 2397 280 2454 defignat,
304 2397 439 2439 modo
458 2396 691 2440 comules:
728 2410 839 2451 quos
869 2396 1104 2453 aliquando
1134 2390 1346 2453 §parmi-ic
1361 2387 1518 2440 ὑποὶτες

52 2463 270 2506 nominat.
325 2463 461 2505 etiam
512 2460 700 2505 Romani
746 2462 847 2504 suos
889 2461 1091 2504 consules
1131 2460 1242 2502 olim
1285 2467 1516 2517 praetores

51 2527 284 2571 vocabant.

149 2591 257 2636 Ibid.
292 2593 366 2649 ’mol'
388 2585 674 2650 προσδεᾶιιενος
694 2588 950 2647 παντοδαπῆς
969 2582 1331 2647 ἐπανορθώσεως.)
1375 2585 1519 2628 Multa

55 2658 266 2715 quidem
254 2671 299 2700 m
321 2656 501 2712 singulis
532 2655 624 2698 fere
659 2655 857 2712 periodis
888 2656 1090 2698 Perottus
1118 2666 1348 2709 perperam
1380 2651 1518 2692 inter-

0 2766 1 2769 ,
55 2731 279 2780 pretatur.
315 2722 386 2764 sed
409 2720 518 2763 nihil
539 2721 717 2776 potius,
747 2731 823 2763 aut
846 2720 1063 2777 ineptius,
1100 2728 1175 2760 aut
1195 2731 1220 2758 e
1246 2725 1395 2758 mente
1428 2715 1516 2757 Po-

57 2787 394 2845 lybiialienius‚
422 2800 554 2842 quam
576 2799 713 2842 quum
734 2781 996 2842 παντοδαπῆν
1018 2779 1300 2841 ἐπανόρθωσιν
1312 2781 1396 2824 hoc
1410 2782 1517 2823 loco

57 2853 214 2895 xertit·
253 2853 385 2911 quiete
404 2852 549 2908 aliqua
571 2864 707 2906 egere.
770 2849 925 2893 Graeci
956 2846 1249 2907 ἐπανορθὲιθὸι]
1271 2847 1341 2889 vel
1359 2842 1520 2904 §copsi-

58 2922 141 2977 θοι]
162 2919 217 2960 de
237 2917 552 2975 procuratione
574 2917 911 2959 commodorum
928 2915 994 2957 rei
1017 2913 1268 2972 familiaris,
1300 2920 1374 2954 aut
1394 2925 1521 2952 com-

868 2979 905 3023 D
922 2981 946 3022 d
962 2981 986 3022 d
1024 2994 1041 3029 3
1278 2986 1520 3032 meatuum,
