1742 3230
477 87 1145 178 ‘PRAEFATLQ
1455 146 1574 178 mn

79 246 286 346 ‚strunt
302 252 574 328 indagare,
611 271 743 332 quae
763 252 954 324 Polybiae'
975 250 1159 323 essent,
1199 264 1298 310 nec·
1321 267 1499 315 tamen
1522 260 1572 315 ei

61 331 410 416 [inominatim
431 334 692 411 adscripta.
774 337 855 393 Ex
887 353 956 391 eo
986 347 1179 408 genere
1202 335 1317 392 sunt
1336 335 1479 410 plura
1516 340 1571 396 in

56 411 58 415 ⁷
93 414 355 474 Vrfiniana
387 414 745 486 Concilione,
802 413 991 492 quibus
1036 413 1283 472 nonnulla
1320 416 1571 475 addidere

89 497 308 574 -Valestus
327 513 382 555 et
401 499 691 562 Gmnouius,
719 499 810 573 qui
834 499 990 553 etiam
1014 494 1227 569 collegit
1249 515 1333 567 ea,
1358 518 1490 575 quae
1513 502 1569 557 in

0 580 12 622 T·
89 577 249 636 editis
280 577 468 649 efflent,
527 580 764 640 indicatis
806 579 1059 653 cuiusque
1092 575 1252 644 locis;
1312 579 1569 656 quaedam

87 662 250 717 etiam
272 663 474 718 notauit
495 661 742 734 Ktsterus,
761 673 817 715 vt
846 661 898 715 in
920 649 1189 734 βοίςοιγμα
1210 673 1308 716 etc.
1346 661 1567 738 suntque

0 752 3 765 ²
89 735 297 799 fortaffe
327 755 382 798 et
412 760 553 799 nunc
586 741 841 819 quaedam
872 759 981 797 non
1012 755 1181 797 notata
1216 739 1356 812 aliis,
1416 746 1566 799 cuius

86 823 300 896 generis
327 837 383 880 et
403 820 558 881 nobis
583 823 824 879 videmur
861 820 1115 898 quaedam
1144 821 1565 880 animaduertisse.

0 913 10 945 '-
87 906 149 960 ln
181 920 240 959 ea
273 906 473 961 ratione
506 904 770 961 interdum
801 901 884 959 vel
912 899 1062 959 salios
1090 901 1188 958 ess‘e
1211 906 1353 960 viros
1373 901 1567 960 doctos

90 981 392 1042 coniedura
406 1027 423 1055 ,
445 1003 556 1042 non
579 984 879 1054 abnuerim,
919 981 999 1039 vel
1023 986 1271 1039 incertam
1296 980 1566 1041 coniestu·

85 1065 440 1131 tam-secutos.
523 1067 744 1143 Vrfinum
766 1064 983 1142 quidem
1016 1067 1071 1120 in
1103 1063 1366 1121 nonnullis
1397 1069 1564 1122 mani-

85 1141 214 1204 feste
236 1145 517 1223 deceptum
537 1147 664 1218 effe,
705 1146 1024 1204 demonstrat
1048 1147 1106 1200 V
1100 1146 1257 1222 ale-’fias
1290 1149 1344 1201 in
1372 1144 1564 1221 praefa-

85 1230 260 1300 tione,
282 1246 331 1302 p.
352 1246 400 1301 5.
479 1228 582 1285 Sed
605 1228 731 1286 serie
751 1227 981 1284 vniuersa
1004 1228 1270 1283 editorum
1301 1225 1565 1302 paullatim

83 1306 488 1381 Polybianorum
510 1309 882 1378 demonstrata,
907 1306 974 1364 ad
995 1307 1251 1363 editiones
1277 1306 1563 1365 redeamus,

86 1412 95 1442 r
143 1437 146 1441 ,
198 1390 318 1446 Post
356 1392 600 1447 Arlenium
630 1394 786 1462 igitur
816 1388 883 1445 ad
902 1388 1149 1458 Polybium
1183 1386 1563 1463 expoliendum

82 1466 539 1548 illustrandumque
563 1471 767 1527 acceffit
797 1467 1124 1545 Casaubonus,
1170 1471 1248 1524 vir
1287 1467 1561 1527 instruitus

82 1553 253 1624 copiis
279 1549 525 1607 omnibus
546 1554 738 1624 ingenii
762 1564 814 1607 et
827 1545 1124 1620 doctrinae,
1146 1547 1336 1626 quibus
1360 1549 1427 1606 ad
1441 1568 1558 1608 eam

82 1649 198 1689 rem
222 1628 441 1688 feliciter
462 1630 835 1706 perficiendam
856 1649 990 1706 opus
1022 1630 1168 1700 effet,
1230 1629 1440 1686 adiutus
1482 1644 1559 1686 et·

81 1713 189 1768 iam
230 1710 462 1786 pluribus
493 1710 636 1769 libris
668 1709 893 1787 scriptis,
954 1729 1089 1787 quos
1133 1708 1405 1770 enumerat
1437 1711 1556 1785 ipse.

78 1793 159 1866 (v.
178 1794 248 1850 T.
267 1796 344 1849 111.
358 1812 406 1867 p.
418 1797 564 1867 324.)
645 1796 725 1848 Ex
745 1796 806 1848 iis
828 1805 1005 1849 autem
1027 1790 1156 1867 quid
1187 1794 1241 1846 in
1266 1789 1418 1865 ipsius
1443 1807 1558 1847 tex-

80 1886 197 1931 tum
241 1875 452 1930 fluxerit
495 1893 587 1949 per
624 1889 803 1931 totum
835 1892 968 1948 opus
994 1916 1011 1942 ,
1043 1872 1162 1928 sane
1205 1870 1405 1948 liquido
1447 1892 1559 1928 non

80 1954 310 2022 constat3
348 1956 496 2031 quod
529 1954 655 2012 nihil
677 1958 756 2011 vir
786 1972 1005 2027 magnus
1036 1952 1436 2010 adnotationum
1466 1953 1559 2008 de-

11 2045 22 2050 ’
81 2034 185 2106 dit,
233 2038 288 2092 in
307 2033 496 2112 quibus
532 2040 664 2093 ratio
699 2038 1047 2092 mutationum
1083 2031 1410 2090 induciarum
1443 2033 1559 2090 red-

82 2115 308 2173 deretur.
362 2113 504 2173 Bafin
525 2131 699 2174 textus
720 2115 818 2173 effe
841 2114 1139 2190 exemplum
1166 2112 1461 2185 Bafileense,
1482 2115 1557 2171 sa-

78 2200 146 2255 tis
166 2198 381 2268 constat,
394 2217 629 2275 quocum
652 2196 956 2255 collationes
969 2195 1223 2252 librorum
1245 2195 1556 2271 scriptorum

81 2296 270 2337 omnes
302 2276 520 2349 fecerat,
559 2293 616 2337 vt
658 2298 758 2336 nos
800 2278 958 2335 docet
988 2280 1099 2334 eius
1131 2275 1282 2333 filius.
1372 2278 1557 2352 Atque

79 2362 272 2416 vtinam
295 2357 382 2415 ille
415 2358 570 2418 nobis
603 2380 726 2417 cum
756 2377 905 2416 nouo
927 2373 1074 2414 textu
1095 2357 1309 2414 dedisset
1333 2356 1558 2426 Scholia,

78 2441 140 2497 in
152 2438 342 2516 quibus
363 2439 430 2497 de
444 2439 759 2498 leffionibus
772 2454 822 2496 et
832 2437 999 2495 verbis
1020 2438 1088 2496 fin
1094 2438 1227 2512 gulis
1239 2482 1255 2507 ,
1277 2439 1406 2494 locis
1428 2442 1557 2492 item

3 2574 6 2575 γ
79 2518 401 2592 difficilibus,
424 2520 651 2579 breuiter
671 2534 981 2595 exponeret:
1020 2522 1091 2576 ita
1104 2518 1363 2593 poss'emus
1383 2532 1435 2573 et
1454 2518 1557 2573 dis·

0 2599 2 2610 ²
73 2619 293 2658 cernere
334 2600 590 2660 librorum
632 2601 887 2659 leciiones
931 2619 960 2657 a
1004 2596 1319 2669 coniec‘luris
1342 2637 1357 2664 ‚
1426 2597 1557 2674 ‘quid

78 2678 260 2758 ipfiuS,
306 2683 434 2760 quid
468 2687 627 2742 etiam
673 2701 952 2758 operarum
982 2680 1125 2737 esset:
1161 2698 1283 2734 nam
1315 2675 1556 2753 profesto

76 2766 236 2819 etiam
258 2783 458 2822 errores
482 2784 762 2840 operarum
796 2763 1066 2838 irrepsere,
1117 2762 1208 2835 qui
1241 2778 1338 2832 pro
1372 2757 1557 2814 1εᾶὶο-

78 2840 231 2901 nibus
255 2844 658 2905 Casaubonianis
696 2849 960 2920 propagati
993 2844 1106 2897 lunt
1141 2844 1194 2895 in
1222 2839 1556 2896 Hanouicnse

1502 2933 1553 2973 et
