1676 3158
297 186 299 189 -
368 118 736 203 ‘contumax
781 155 858 201 m
898 122 1277 205 POLYBIVM.
1463 160 1560 209 -321

15 297 18 300 ⁴
79 275 214 331 „Vide
235 289 367 334 qnam
387 277 604 336 dluersam
622 277 878 323 sententiam
899 276 1019 320 aliud
1033 291 1169 334 agens
1190 278 1259 322 vir
1272 275 1431 323 doctus
1442 271 1559 338 opti-

93 356 172 385 mo
193 340 364 395 gutturi
387 341 634 387 affinxerit:
677 356 780 385 nam
796 342 1023 387 Diodorus
1044 344 1188 400 palam
1211 343 1374 401 separat
1389 344 1554 388 Roma·

92 419 202 450 num
222 406 410 450 mil-item
428 407 480 450 ab
501 407 578 451 illa
594 408 722 452 turba
742 422 984 466 operarum.
1018 407 1064 450 hi
1077 409 1200 464 sunt,
1221 423 1334 467 quos
1349 409 1453 452 alibi
1470 413 1559 455 λει-

93 467 404 535 vepria-‘noster
430 482 585 530 vocat,
603 482 650 518 et
670 469 740 523 τὲς
760 470 878 522 ἐκτδς
909 474 1219 532 παρετοιιένες,
1252 482 1302 518 vt
1333 474 1448 517 libro
1473 489 1554 524 ω.

91 549 192 596 pag.
215 550 447 581 cccxmv.
474 538 598 594 vide,
628 552 741 596 quae
771 539 826 580 ad
859 538 1018 581 librum
1051 538 1222 582 sextum
1258 539 1313 581 de
1346 547 1445 584 toto
1464 538 1554 582 hoc

95 614 262 658 genere
280 601 374 645 fuse
397 601 652 648 differimus,
710 602 850 646 Porro
868 602 1170 659 Agrigentum
1183 603 1317 646 Poeni
1339 618 1429 663 non
1439 604 1556 648 mul-

92 667 292 710 to‘aliter
314 668 552 711 amiserunt
567 703 579 723 ,
603 682 729 725 quam
754 677 959 726 ceperant
981 682 1096 710 anno
1114 669 1249 711 tertio
1263 702 1276 723 ‚
1297 665 1374 711 vel‘
1388 669 1441 712 Vt
1458 669 1554 712 Xe-

91 731 278 789 nophon
304 731 459 776 anaor
480 733 565 788 est,
591 732 778 776 secundo
801 732 1078 790 Olympiadis
1092 747 1235 775 xcn1.
1250 732 1472 776 obfidione
1490 734 1554 776 se-

92 805 212 854 ptem
234 796 465 854 menfium,
479 806 587 855 quot
601 806 647 841 et
668 798 744 841 ista
758 796 853 840 fuit.
892 797 1014 854 Lege
1035 798 1221 855 primum
1233 795 1491 857 Ἑληνικόν.

186 861 294 905 Ibid.
328 858 521 921 ὅρμησαν
539 858 816 921 ἐκθυμότερον
834 859 883 906 r}
905 864 1061 912 δέοντος
1077 866 1117 907 οἶ
1130 860 1344 921 ς’ροιτιῶτα]
1372 860 1472 922 προς
1501 858 1555 908 η’

91 923 355 984 σιτολογὲἱν.)
398 927 667 972 Obseruetur
697 927 769 969 hic
801 928 943 984 primo
982 928 1384 984 Agrigentinorum
1400 961 1413 983 ,
1460 927 1554 972 fiue

93 990 371 1044 Poenorum,
418 993 494 1049 qui
529 993 831 1049 Agrigentum
870 993 1100 1049 tenebant,
1140 1001 1386 1050 peccatum.
1451 1007 1555 1036 nam

95 1070 232 1114 quum
255 1057 402 1100 omnia
423 1058 573 1101 conari
589 1059 827 1115 prudentes
863 1058 1075 1112 debeant,
1106 1069 1155 1101 vt
1185 1057 1259 1100 fibi
1281 1056 1466 1101 sufficiat
1488 1057 1556 1101 vi·

92 1119 192 1164 stus
207 1155 219 1177 ,
246 1121 393 1166 hostes
414 1121 588 1179 frangat
607 1123 776 1180 inopia,
798 1123 929 1179 idque
950 1123 1186 1166 maximum
1200 1121 1253 1165 fit
1272 1122 1318 1165 in
1342 1123 1463 1165 omni
1486 1123 1556 1165 in-

92 1187 301 1245 ceptione
331 1187 584 1242 confilium,
627 1187 736 1231 ficut
767 1187 917 1231 scribit
930 1187 1174 1244 Vegetius‚
1208 1186 1376 1244 solent,
1404 1189 1478 1244 qui
1499 1187 1555 1230 ad

95 1253 368 1294 tolerandam
392 1252 660 1295 obsidionem
682 1253 725 1295 se
746 1263 1020 1310 comparant,
1048 1267 1136 1309 quo
1168 1252 1361 1295 inimicis
1383 1253 1554 1295 incom,

95 1318 304 1372 modent‚
327 1316 358 1360 fi
380 1325 551 1376 tempus
573 1317 710 1362 fuerit
729 1316 893 1373 meffis,
914 1318 1084 1374 segetes
1102 1326 1269 1360 metere
1288 1327 1333 1360 et
1353 1318 1399 1360 in
1421 1318 1553 1360 vrbes

93 1395 359 1438 congerere,
382 1392 456 1426 aut
476 1382 506 1425 fi
529 1383 676 1425 minus
701 1390 887 1439 queant,
912 1383 1076 1426 vastare
1098 1391 1143 1426 et
1165 1384 1361 1440 perdere.
1407 1396 1556 1439 neque

93 1445 180 1490 hoc
198 1456 477 1506 praeceptum
497 1448 739 1491 omiserunt
751 1482 762 1502 ,
779 1448 857 1504 qui
877 1448 941 1489 rei
961 1448 1146 1491 bellicae
1159 1447 1489 1492 obseruationes
1507 1449 1557 1490 iu

93 1511 203 1555 artis
226 1511 415 1555 formam
426 1513 721 1586 redegerunt.
785 1511 838 1555 In
860 1513 1014 1555 libello
1035 1514 1221 1569 egregio
1243 1513 1298 1555 de
1326 1513 1557 1556 toleranda

94 1576 343 1630 obsidione,
365 1578 493 1621 cuius
513 1592 676 1620 nornen
697 1578 807 1634 regii
828 1578 1004 1621 codices
1016 1592 1107 1621 non
1117 1578 1333 1635 produnt,
1357 1578 1417 1621 ita
1428 1591 1554 1635 prae-

93 1643 268 1700 cipitur.
330 1639 511 1702 Θερίζαν
529 1644 570 1687 δὲ
587 1640 644 1688 a&
667 1644 739 1699 &04
761 1661 837 1692 τας
856 1661 1020 1701 χωρας,
1050 1637 1127 1700 κᾷν
1149 1638 1269 1700 μήπω
1290 1660 1391 1701 προς
1396 1644 1558 1722 θερισ-

92 1726 170 1762 μον
191 1708 414 1762 ἔφθασαν,
436 1709 509 1766 202}
533 1704 821 1766 προαφανίζειν
842 1704 982 1751 ‘nicom
1001 1705 1145 1785 xpe-iau
1163 1726 1265 1766 τρρς
1297 1701 1413 1752 δυό’1
1391 1727 1416 1765 η
1439 1705 1557 1767 τριῧν

91 1770 252 1848 >imapum
263 1771 511 1830 διας-ἤματα,
530 1773 556 1817 8'
576 1767 695 1827 μόνον
705 1772 871 1831 θηρίων,
886 1771 995 1817 oe'M
1008 1790 1079 1830 ιῳι]
1070 1767 1377 1830 oiuSpwroev,''
1349 1791 1412 1817 ινα
1424 1774 1554 1831 mih

92 1832 145 1882 τί
150 1856 201 1896 τῳ
219 1832 509 1893 δυθυμῆσωσιν
518 1841 558 1882 οι
573 1838 742 1896 ἐχθρω,
755 1832 879 1881 τένον
895 1837 989 1895 περὶ
1001 1834 1072 1895 τήν
1082 1833 1295 1894 §malms
1274 1839 1556 1891 υτομένοντες.

92 1899 247 1958 Agros
268 1908 419 1944 metere
439 1907 623 1958 oportet,
640 1903 766 1944 etiam
787 1901 827 1959 st
812 1901 1018 1944 tneca'um
1040 1903 1130 1945 eius
1149 1903 1381 1945 maturitas
1399 1901 1556 1959 fuerit.

91 1968 234 2009 omnia
256 1968 353 2009 item
371 1981 551 2024 quorum
572 1967 729 2024 aliquis
745 1966 874 2024 potest
893 1965 966 2025 effe
997 1966 1119 2025 vsus,
1136 1966 1224 2025 fiue
1257 1966 1318 2010 ad
1347 1968 1553 2022 iumenta,

81 2032 173 2091 siue
194 2034 321 2075 etiam
342 2031 403 2074 ad
422 2030 608 2074 homines
621 2066 632 2087 ,
645 2037 743 2074 ante
762 2031 887 2090 hostis
909 2030 1138 2075 aduentum
1158 2031 1264 2090 sunt
1273 2030 1494 2089 perdenda
1515 2037 1557 2075 et

91 2096 400 2154 corrumpenda
414 2112 432 2145 ;
465 2103 512 2140 vt
533 2098 659 2138 etiam
678 2110 726 2138 ea
760 2110 830 2138 res
859 2095 1212 2155 aduerflzriorum
1230 2097 1428 2152 frangat
1457 2098 1556 2140 ani-

92 2177 210 2218 mos,
233 2177 361 2220 quum
382 2163 494 2204 circa
517 2163 717 2204 alimenta
739 2166 903 2204 tantum
912 2161 1055 2220 fuerit
1073 2161 1160 2204 illis
1179 2160 1342 2205 laboris
1351 2161 1555 2220 sustinen-

93 2226 208 2270 dum.
244 2227 344 2270 Hoc
365 2228 501 2283 igitur
519 2238 803 2283 praeceptum
834 2240 968 2283 quum
989 2242 1079 2269 non
1104 2226 1395 2270 obseruass'ent
1415 2227 1556 2282 Agri·
1615 2242 1618 2245 ’

16 2333 20 2339 ,
93 2293 294 2349 gentini,
314 2307 403 2335 non
426 2291 661 2335 defuerunt
682 2291 757 2333 fibi
778 2291 989 2346 Romani,
1021 2293 1126 2348 quin
1156 2292 1381 2335 stultitiam
1416 2291 1553 2334 hostis

94 2357 140 2399 in
167 2358 289 2402 suum
312 2357 593 2400 commodum
616 2364 850 2398 verterent.
886 2356 1098 2414 Polybius
1111 2357 1304 2399 breuiter
1316 2356 1401 2398 hoc
1416 2355 1555 2412 figni-

93 2422 223 2477 ficat,
242 2436 375 2479 quum
398 2422 458 2464 ait
480 2421 732 2475 Romanos,
756 2422 952 2478 quoniam
971 2421 1025 2464 ab
1045 2422 1163 2463 initio
1186 2420 1435 2465 diuturnam
1450 2419 1557 2477 fore

94 2486 338 2545 obsidionem
359 2485 621 2543 apparebat,
645 2484 706 2527 ad
717 2485 1074 2542 j3·11mentandum
1094 2485 1274 2543 animose
1282 2485 1330 2543 μ’
1351 2483 1558 2542 accinxis-

85 2551 146 2610 fi.
209 2552 449 2595 Enimuero
471 2551 660 2593 Romani
683 2551 846 2594 milites
860 2566 950 2594 rem
975 2551 1213 2608 prudenter
1232 2550 1481 2610 prouisam
1470 2565 1557 2596 un.-

95 2631 145 2674 pr
150 2619 334 2660 udenter
353 2616 675 2671 exsequuntur,
712 2624 758 2658 vt
779 2616 950 2659 exitus
946 2617 1137 2671 docuit,
1162 2626 1207 2659 et
1237 2616 1350 2678 Pol>
1354 2616 1451 2662 bius
1477 2616 1558 2664 ob-

96 2683 262 2738 seruat,
290 2695 423 2739 quum
444 2681 506 2723 ait
518 2679 793 2737 ‚prorupisse
815 2680 918 2723 illos
940 2681 1257 2723 frumentatum
1277 2675 1558 2740 ἐκθυμότερον

94 2744 146 2791 ‘rie‘
174 2749 350 2800 δέοντος,
364 2746 586 2803 cupidius,
603 2760 732 2802 quam
754 2760 829 2801 ptr
850 2757 967 2789 erat·
1002 2745 1086 2787 hoc
1105 2746 1177 2802 est,
1200 2760 1287 2789 non
1302 2743 1458 2792 exaste
1469 2745 1556 2793 ser-

96 2812 210 2855 vatis
232 2811 481 2868 dilciplinae
507 2810 710 2853 militaris
731 2810 924 2867 legibus,
954 2825 1063 2867 quae
1095 2813 1147 2851 ad
1178 2811 1490 2867 populationes
1510 2817 1557 2853 et

94 2874 466 2919 frumentationes
500 2875 740 2932 pertinent.
801 2875 908 2917 Eius
938 2877 1000 2917 rei
1035 2887 1264 2931 praecepta
1297 2876 1368 2918 vel
1397 2877 1450 2918 ad
1474 2890 1557 2918 nu.-

903 2939 1002 2981 Fff
1031 2954 1049 2989 3
1246 2975 1250 2977 -
1390 2955 1558 2983 merum
