1676 3158
298 172 302 176 -
354 113 722 217 commem.
764 153 842 198 IN
880 151 1263 200 PoLYsslvm.
1458 164 1543 212 791

54 263 238 317 ffl’us'
225 283 270 315 ιιι
292 283 466 314 crucem
490 270 648 316 ιξὶιιιιι.
708 272 959 331 Vtrumque
988 273 1188 332 persaepe
1219 272 1330 317 olim
1355 274 1544 321 ducibus

29 330 258 381 Poenis
255 336 455 392 legimns
478 337 683 382 euenisse
738 337 852 382 Nam
867 347 911 382 et
927 339 1103 396 publice
1123 340 1315 387 damnati
1334 341 1455 382 cruci
1474 339 1553 385 af-,

75 397 355 473 figebantur,
379 400 410 444 fi
436 410 510 445 aut
533 401 640 446 visti
660 401 821 458 effent‚
848 412 925 448 aut
953 403 1084 447 etiam
1115 404 1146 448 fi
1176 418 1314 463 prauo
1338 403 1540 462 confilio,

74 456 187 508 licet
215 474 380 509 euentu
395 467 624 524 prospero,
655 482 746 510 rem
767 468 1010 525 geffifl'ent,
1065 469 1242 513 testibus
1264 468 1395 514 Liuio
1425 469 1540 512 libro

75 536 303 575 xxxvnr.
334 538 380 574 et
403 531 586 577 Valerio
617 532 840 589 Maximo,
859 534 976 577 libro
995 548 1050 576 11.
1069 548 1160 591 cap.
1174 549 1263 577 vn.
1326 533 1385 576 Et
1416 533 1541 592 saepe

73 594 240 638 milites
263 596 525 639 Punicorum
548 598 824 642 exercituum
839 633 851 653 ,
870 597 1096 655 postquam
1127 599 1240 640 male
1256 598 1540 656 pugnassent,

75 658 430 716 indignationem
460 662 580 704 suam
601 664 761 705 ducum
784 663 991 720 supplicio
1018 663 1250 707 leuaruntz
1291 674 1342 707 vt
1374 664 1538 706 iterum

74 722 164 767 hoc
176 725 284 782 ipso
307 726 427 768 bello
460 726 625 771 fastum
667 728 712 770 in
747 727 1020 784 Hannibale,
1053 729 1108 771 de
1138 742 1227 786 quo
1261 728 1409 772 noster
1437 742 1540 785 pag.

74 803 260 838 xxxlv.
293 799 339 833 et
355 791 516 836 Morus
537 807 562 834 e
586 791 701 835 Liuii
723 792 833 836 libro
856 808 927 836 xv
936 808 991 838 11.

18 907 25 909 „
173 854 283 899 Ibid.
317 855 446 900 Ain-oc
463 858 504 900 δὲ
528 875 578 917 τῃ
598 860 674 911 μὲν
693 856 861 918 ναυτικῇ
882 854 1047 910 δυνάμει
1067 858 1159 917 περὶ
1179 853 1421 917 Πελωριάδα
1442 875 1541 918 ερα-

76 915 246 963 τοπεδει
248 938 402 970 σαντες
409 921 432 976 >
467 921 712 967 Diodorus:
749 922 911 979 Poeni,
942 924 1115 980 inquit,
1146 921 1198 983 τῇ
1226 921 1393 984 monui
1417 923 1540 968 κατέ-

75 1001 160 1047 χον
178 981 251 1040 τῆν
263 1003 393 1044 ακραν
404 1004 478 1041 την
496 989 574 1031 καὶ
565 989 727 1044 enimv
739 986 988 1048 Πελωριάδα.
1025 989 1084 1037 est
1102 991 1155 1030 ad
1176 987 1539 1047 septemtrionem

71 1047 289 1092 Meffanae
307 1050 360 1092 ad
381 1051 515 1107 ipsum
540 1052 718 1095 fretum.

163 1113 273 1158 Ibid.
308 1113 366 1175 τῷ
395 1118 436 1160 δὲ
468 1112 580 1177 πεζῷ
609 1112 855 1175 {panniacum
882 1119 977 1176 περὶ
995 1137 1072 1170 τας
1096 1113 1240 1175 muas
1260 1121 1418 1169 καλεμι,
1408 1118 1535 1176 νας.)

72 1177 249 1222 Nomen
262 1180 351 1222 loci
363 1180 579 1224 Messanae
595 1182 742 1234 vicini,
757 1193 818 1238 et,
840 1191 888 1226 vt
907 1184 1094 1238 videtur,
1107 1184 1302 1229 apelom
1316 1197 1404 1225 non
1417 1183 1539 1226 mul-

71 1250 170 1287 tum
193 1244 407 1289 distantis.
471 1246 556 1290 Sed
577 1247 801 1290 Diodorus
825 1247 973 1291 Eunes
993 1250 1179 1306 appellat
1202 1263 1290 1292 non
1314 1247 1466 1292 Senes.
1499 1252 1539 1293 οἱ

69 1304 339 1369 Καρχηδόνιοι
361 1308 415 1372 τῇ
436 1309 550 1372 πεζῃ
571 1309 712 1371 spart}
733 1314 1015 1371 παρενέβαλον
1038 1314 1093 1364 εἰς
1116 1331 1189 1364 τας
1208 1313 1435 1368 nazianzenae
1451 1308 1536 1357 Ευ-

74 1392 168 1424 νεις.
212 1374 338 1419 aliter
361 1376 538 1434 Polybii
572 1391 725 1420 omnes
756 1379 950 1422 codices.
996 1387 1202 1422 neutrum
1237 1392 1399 1420 nomen
1430 1377 1536 1422 alibi

70 1438 226 1494 legere
241 1442 433 1484 memini.
470 1456 570 1484 nam
586 1442 770 1501 Edm‘aoq,
795 1442 881 1485 flue
909 1442 1111 1499 Εὐνᾶδοᾳ,
1144 1458 1232 1500 quo
1257 1443 1394 1486 titulo,
1413 1442 1539 1486 fabu-

70 1503 162 1548 lam
185 1505 335 1548 docuit
356 1506 463 1548 olim
491 1506 718 1562 Cratinus,
749 1507 969 1551 sacrorum
1002 1509 1357 1552 citharoedorum
1389 1520 1534 1564 genus

70 1569 186 1627 apud
216 1570 535 1626 Athenienses,
568 1586 661 1614 non
695 1573 792 1616 sunt
820 1572 872 1615 ab
901 1574 986 1616 hoc
1011 1575 1114 1616 loco
1141 1572 1272 1627 dicti,
1305 1576 1458 1618 'verum
1484 1573 1536 1614 ab

72 1633 261 1691 Euneo,
285 1637 339 1678 de
359 1651 448 1693 quo
471 1636 739 1680 Eustathius.
805 1637 1013 1682 Perottus
1050 1654 1104 1681 ne
1126 1638 1426 1694 quaerendum
1458 1637 1537 1679 ha·-

70 1698 219 1753 beret,
243 1701 317 1744 vbi
337 1700 540 1744 locorum
562 1702 648 1744 hae>
670 1701 809 1746 Senes
837 1702 999 1761 efl'ent,
1031 1702 1267 1747 Messanam
1288 1702 1535 1760 substituit:

71 1765 255 1808 audacia
272 1767 447 1823 prorsus
467 1768 663 1811 ridicula.

163 1829 273 1873 Ibid.
311 1828 418 1875 καταέ
439 1833 480 1876 δὲ
501 1828 572 1876 τᾶν
590 1828 740 1892 κειιρὸιῐ
749 1830 865 1878 rim
876 1832 1010 1892 Ἱέρων
1031 1835 1097 1890 v.)
1129 1833 1358 1877 lnhiabant
1381 1831 1538 1883 Meffa-

6 1900 8 1903 ’
68 1909 153 1939 nae
174 1896 336 1959 pariter
361 1895 500 1939 Hiero
525 1906 570 1939 et
590 1897 997 1954 Carthaginienses:
1045 1913 1177 1955 quum
1203 1913 1346 1956 neque
1379 1898 1425 1941 h‘i
1457 1911 1536 1940 ne-

70 1973 160 2018 que
177 1960 256 2015 ille
276 1974 431 2018 capere
454 1961 602 2004 vrbem
624 1962 860 2020 potuissent
873 1998 885 2020 ,
906 1963 1066 2007 foedus
1090 1964 1245 2007 ineunt
1261 1965 1319 2011 ad
1336 1961 1536 2013 obfiden-

68 2025 176 2069 dum
195 2025 401 2084 oppidum
420 2028 728 2071 communibus
754 2027 932 2072 viribuS.
967 2027 1052 2072 hoc
1075 2031 1261 2085 primum
1284 2028 1447 2071 foedus
1465 2029 1534 2070 in-

67 2089 260 2133 terceffit
277 2091 394 2135 inter
414 2106 568 2148 regem
588 2099 632 2139 et
665 2092 863 2138 Poenos:
906 2094 1025 2150 quod
1055 2093 1283 2138 Diodorus
1312 2092 1534 2149 fignificat

66 2153 198 2198 fuifl'e
229 2154 366 2201 istum
389 2171 498 2202 ⁴curn
522 2157 790 2213 Hannibale,
814 2158 926 2201 duce
954 2160 1113 2203 Poeno.
1184 2158 1302 2201 Huic
1331 2156 1533 2200 succeflit

65 2218 253 2276 Hanno,
276 2223 351 2278 qui
373 2235 474 2266 cum
499 2222 696 2265 Hierone
718 2222 878 2267 foedus
897 2223 1083 2267 alterum
1098 2224 1177 2267 icit
1195 2222 1425 2267 aduersum
1436 2221 1534 2264 Ro-

66 2298 226 2329 manos
242 2286 499 2346 ‚postquam
519 2288 768 2330 Mamertini
788 2289 960 2344 legatos
979 2288 1164 2334 Romam
1185 2288 1406 2331 miserant.
1442 2285 1533 2328 Le-

65 2363 126 2407 ge
149 2350 425 2407 Diodorum,
445 2353 690 2407 Zonarmn,
722 2363 767 2396 et
792 2353 1073 2398 Pausaniam
1060 2368 1107 2396 m
1126 2369 1179 2397 11.
1201 2353 1470 2402 Eliacorum.

158 2413 729 2476 Ibid.xoeroeepxronbe15n;
750 2420 791 2462 δὲ
812 2423 862 2463 ἐκ
881 2419 1043 2477 θατέρε
1072 2419 1195 2477 μέρες
1217 2419 1311 2477 περὶ
1336 2434 1383 2460 το
1410 2417 1534 2460 Χαλ-

66 2477 257 2526 subm-‘ist‘
235 2499 321 2540 ορος
342 2477 610 2539 καλέμενον.)
638 2481 890 2530 Diodorus:
921 2484 1058 2542 Ἱέρων
1078 2486 1157 2537 μὲν
1176 2484 1247 2526 ἐπὶ
1273 2479 1324 2526 ri
1344 2476 1458 2537 λόφε
1478 2476 1531 2524 r}

63 2547 275 2599 καλεμένε
296 2545 519 2593 Χαλκιδικε
539 2548 969 2607 κατεςρατοπέδευσεν.
1004 2548 1148 2599 Quem
1168 2547 1383 2605 Polybius
1398 2558 1529 2587 mon-0

65 2617 157 2654 tem
180 2619 336 2666 vocat,
364 2611 592 2654 Diodorus
615 2612 748 2655 homo
769 2612 970 2667 Siculus,
1002 2612 1180 2657 collem.
1243 2610 1424 2668 Polybii
1456 2609 1529 2652 lo-

65 2688 167 2718 cum
190 2675 395 2720 deser-ibit
407 2675 654 2734 Stephanus
675 2678 728 2720 de
739 2677 932 2722 Vrbihus
946 2710 959 2733 ,
980 2691 1124 2734 neque
1143 2677 1261 2720 aliud
1275 2689 1359 2718 nos
1374 2676 1526 2731 docet,

0 2741 11 2746 ‘
63 2739 146 2782 nifi
167 2748 366 2784 montem
388 2740 566 2787 Siciliae
587 2742 710 2786 fuisse
726 2743 812 2785 hoc
831 2742 1034 2785 nomine:
1071 2756 1225 2785 verum
1236 2741 1344 2798 ,qui
1364 2740 1528 2797 legerit
1553 2753 1565 2763 ⁴

67 2811 235 2848 attente
256 2806 386 2848 verba
407 2806 612 2864 polybii,
635 2807 764 2864 sciet,
787 2822 916 2863 eum,
942 2806 1029 2849 fiue
1049 2815 1274 2862 montem,
1302 2804 1393 2850 fiue
1426 2803 1525 2848 col-

62 2867 153 2912 lem
182 2869 400 2915 Mess'anae
412 2873 613 2937 oppido.
626 2886 651 2917 a
679 2883 804 2932 parte
836 2841 1113 2981 ωέιὲἀὲοιιαὶί
1144 2872 1388 2919 imminere.
1431 2883 1525 2925 non

1026 2953 1055 2989 4
1404 2935 1524 2977 enim
