1742 3230
223 178 349 212 xxxv
623 146 1227 206 PRAEFATIO.

226 305 281 343 re
302 282 509 349 oculos;
544 279 640 337 hos
662 291 855 345 autem,
893 275 981 351 qui
1017 291 1048 330 e
1082 267 1312 329 verfione
1333 267 1654 344 cognom

226 363 462 434 Polybium
494 373 765 432 coguntur,
811 373 878 412 ex
904 346 1658 423 Casaubonimsttmnefflf

227 445 337 500 satis
365 439 660 514 cognoscere
693 434 828 510 poss'e
858 433 1183 506 arbitramur,
1228 447 1362 509 quae
1391 428 1461 490 ad
1483 427 1668 495 hist*

227 526 350 579 riam
373 518 648 576 discendam
681 530 731 572 et
753 514 1073 590 prudentiam
1107 509 1320 588 profint,
1367 528 1467 570 nee
1500 513 1661 573 ineo*

224 601 328 657 illas
358 599 419 656 ab
450 594 748 675 exquifitiori
780 597 975 653 ratione
1018 591 1358 651 aberrationet
1396 593 1462 650 iis
1488 586 1655 654 offis-t

1622 694 1665 730 »Δ

222 696 415 815 ωωῗῖο
443 773 604 815 tamen
638 756 783 832 plane
822 755 946 812 nihil
979 773 1007 812 a
1043 751 1192 812 nobis
1222 751 1488 811 accederet
1515 751 1666 814 hun

222 839 455 911 editioni,
499 839 819 894 adiunximus
851 835 1121 909 Gloffarium
1152 836 1183 893 1:
1208 836 1405 890 Lea-iro·
1425 833 1648 917 Polybbg

220 939 347 981 num,
384 937 483 974 non
502 916 640 993 quod
667 913 909 986 haberet,
946 916 1188 992 quicquid
1216 914 1335 972 ess'et
1363 911 1658 974 verborum

220 999 274 1052 in
297 996 598 1069 Polybianis‚
642 995 788 1073 quale
817 998 968 1052 Reizii
988 999 1046 1052 V.
1070 997 1132 1055 C.
1152 997 1465 1052 Lucianeum
1486 991 1673 1054 hubo-*t

220 1095 358 1136 mus:
393 1095 484 1132 nec
505 1080 556 1132 in
575 1095 682 1153 quo
703 1075 858 1132 essent
879 1076 1004 1133 latae
1026 1075 1093 1132 de
1113 1073 1280 1132 verbis
1306 1090 1362 1133 et
1381 1087 1662 1135 neutram

222 1155 600 1229 disputationes3
637 1156 927 1212 cuiusmodi
947 1153 1260 1230 Casaubonum
1288 1153 1526 1213 molitum
1541 1153 1658 1216 effi

220 1233 308 1291 filii
334 1236 519 1291 indicio
563 1236 785 1292 constat:
861 1233 996 1292 foret
1037 1241 1176 1292 enim
1220 1235 1333 1292 iusti
1369 1233 1654 1295 voluminis

221 1331 379 1386 opuS,
414 1315 550 1390 quod
571 1313 807 1389 operibus
831 1316 1018 1386 Polybii
1036 1315 1147 1391 ipfis
1170 1315 1376 1389 adiungi
1402 1333 1507 1372 non
1528 1315 1647 1391 pos-

221 1393 316 1447 set:
362 1393 447 1448 sed
479 1394 617 1468 quod
649 1395 709 1450 ad
742 1394 939 1452 nostros
972 1394 1087 1452 vsus
1118 1395 1403 1454 institutum
1433 1394 1649 1454 habere-

220 1490 362 1541 mus,
399 1473 712 1530 crederemus
748 1493 813 1530 ue
835 1474 1062 1532 sufficere
1083 1490 1136 1532 et
1169 1474 1236 1532 ad
1269 1468 1648 1546 Polybiun‘tu-

220 1547 483 1622 ditandum,
505 1567 554 1609 et
579 1552 639 1609 ad
661 1552 708 1608 le
763 1555 936 1610 ionem
954 1554 1170 1612 aliorum
1201 1573 1500 1628 graecorum
1527 1554 1650 1615 scti-

218 1643 448 1762 Ξΐᾶἲίᾆζ
478 1630 1333 1782 3¹:¹13?e‘1*11{;‘:11¹f¹'3“2ffi¹{¹555·„033
1361 1634 1649 1792 ,iffi

219 1783 484 1856 Polybiana
506 1784 729 1843 dictione
755 1788 1046 1849 dicendum.

333 1868 402 1919 Ea
435 1884 557 1937 ergo
590 1865 740 1939 longe
773 1867 1014 1944 discrepat
1041 1867 1104 1927 ab
1126 1871 1421 1932 Attioomm
1446 1873 1647 1950 elegan-

221 1944 306 2014 tia,
329 1958 379 1998 et
396 1946 448 1998 in
466 1943 737 2001 verborum
755 1944 1160 2020 fingulorumvsu
1180 1949 1498 2031 deiectuque,
1515 1969 1573 2014 et
1587 1958 1645 2017 in

223 2018 474 2078 structura.
552 2024 710 2080 Multa
733 2045 870 2083 noue
893 2026 1053 2099 dieta,
1090 2044 1143 2086 et
1162 2027 1326 2088 forma
1348 2032 1644 2107 verborum,

223 2114 277 2155 et
297 2100 434 2157 sensu
446 2144 463 2171 ‚
477 2116 526 2158 et
549 2101 812 2172 sii-usturam
845 2110 1045 2180 poetica
1064 2110 1457 2185 mistaprosaicis,
1470 2116 1644 2175 Attica

222 2177 537 2251 vulgaribus,
569 2196 619 2238 et
642 2183 989 2259 philosophica
1022 2188 1268 2247 historicis
1298 2211 1358 2250 ac
1390 2194 1645 2270 populari·

221 2254 346 2326 bus,
404 2261 646 2334 quaedam
686 2266 839 2320 etiam
879 2264 1182 2325 latinismum
1219 2271 1506 2332 redolentia.
1581 2281 1643 2335 ln

219 2336 299 2393 his
319 2337 474 2395 multa
505 2340 696 2397 fluxisse
729 2362 758 2398 e
789 2345 1153 2403 consuetudine
1184 2350 1526 2424 popularium,
1562 2358 1644 2415 in·

218 2429 297 2470 ter
324 2434 456 2491 quos
492 2418 618 2475 olim
651 2421 867 2494 vixiffet,
925 2427 1050 2482 item
1091 2430 1405 2489 Graecorum
1435 2439 1638 2495 vniuer-

218 2495 417 2563 sorum,
440 2511 492 2553 et
513 2500 831 2571 Graecismo‚
873 2508 960 2578 qui
996 2504 1058 2561 ab
1089 2509 1407 2569 Macedonici
1440 2517 1647 2590 imperii

215 2590 306 2646 per
337 2573 678 2632 Alexandrum
714 2583 965 2639 constituti
998 2588 1311 2660 temporibus
1347 2594 1641 2668 inualuiss'et,

216 2649 404 2708 sublata
437 2655 817 2715 Athenienfium
863 2661 1088 2721 libertate
1126 2681 1179 2722 et
1217 2677 1469 2742 potentia,
1530 2695 1640 2736 non

218 2727 469 2787 dubitem:
506 2735 590 2791 sed
613 2737 726 2794 sunt
744 2742 923 2811 etiam,
963 2762 1088 2818 quae
1107 2746 1191 2805 sua
1213 2748 1384 2822 sponte
1414 2755 1640 2814 adiumta

212 2807 328 2867 sunt
355 2829 397 2867 ο
417 2810 760 2890 philosophis,
804 2821 1136 2883 Aristotelicis
1166 2829 1395 2903 inprimis
1426 2850 1477 2892 et
1507 2839 1643 2894 Stoi-

1555 2935 1643 2976 cis.
