1676 3158
372 119 727 221 εὸΜΜΕΝΤ
763 176 837 222 m
887 160 1265 268 ΡᾳιῩΒῙνΜ.
1464 183 1552 241 γςς

225 292 240 337 i
257 290 386 339 Rom.
406 302 528 339 extra
550 294 722 340 Italiam
751 262 1120 355 expeditionem.
1161 299 1326 358 Incipit
1353 303 1405 346 ab
1429 314 1545 349 anno

82 359 228 436 primo
251 359 532 418 Olympiadis
555 375 734 405 xcviu.
755 361 925 406 Romae
958 366 1165 408 conditae
1187 380 1352 410 cchx.
1390 370 1546 414 definit

80 417 142 467 iri'
148 435 264 468 anno
289 425 445 470 vltimo
469 425 562 484 Oly
566 427 751 484 mpiadis
772 442 990 474 cxxvnx.
1024 428 1191 473 Romae
1203 442 1437 478 cnxxcrx.
1450 449 1544 481 me-

81 482 205 533 dium
230 482 413 547 spatium
439 491 724 550 Olympiadis
747 508 891 536 xxm.
923 495 1025 537 anni
1054 508 1227 539 cxxrv
1250 497 1543 545 neceffitatem

79 551 213 598 huius
229 556 367 634 partis
379 556 580 614 pluribus
589 555 744 600 auftor
755 557 982 602 declarat
969 572 1015 601 m
1027 559 1124 603 eius
1145 561 1327 619 epilogo
1340 577 1434 622 cap
1447 580 1540 612 xa.

249 685 286 734 1.
317 683 485 736 Annus
515 694 673 756 captae
692 684 862 737 Romae
880 703 911 737 a
934 685 1085 738 Gallis
1107 685 1365 741 Senonibus.

164 811 202 856 1.
225 818 262 857 6.
281 809 414 864 ”Erec
434 815 512 869 μὲν
524 807 574 860 ἔν
594 808 771 872 ἐνεςήκει
793 812 902 864 μετοὲ
922 812 999 873 τῆν
1018 825 1064 862 ἐν
1082 814 1207 870 Αἰγδς
1226 821 1422 873 ποταμοῖς
1442 837 1538 871 ναν,-

71 877 238 935 μιχιιν
259 878 633 934 ἐννεακαιδέκατον,
655 898 733 938 προ
752 882 794 924 δὲ
813 899 884 937 της
908 885 950 925 ἐν
971 877 1192 940 Λευκτροιε
1220 877 1363 940 μάχη,-
1394 887 1536 930 ἑκκαι-

69 943 276 1000 δέκατον.)
309 943 424 990 Vult
454 943 663 1001 insignire
690 958 854 988 annum
877 953 1031 1002 captae
1051 946 1221 990 Romae
1241 963 1265 991 a
1285 946 1455 1006 Gallis,
1488 961 1534 996 et

69 1006 159 1052 suis
180 1005 366 1052 Graecis
386 1022 485 1053 eum
510 1010 693 1052 reddere
708 1015 844 1066 quarn
867 1010 1147 1055 notiffimum.
1190 1013 1458 1069 Comparat
1447 1018 1533 1074 lgi-

69 1079 143 1116 tur
162 1072 293 1118 illum
314 1087 415 1117 cum
437 1075 520 1130 iis,
548 1089 659 1132 quae
678 1075 792 1131 apud
818 1074 1014 1118 Graecos
1034 1078 1194 1133 partim
1215 1082 1371 1122 eodem
1395 1094 1530 1138 anno,

67 1139 232 1195 partim
253 1138 404 1196 paullo
434 1149 563 1196 ante,
596 1148 672 1183 aut
697 1139 847 1197 paullo
869 1141 965 1198 post
986 1143 1261 1198 acciderant,
1283 1145 1338 1187 ad
1362 1158 1529 1189 memo-

66 1202 177 1246 riam
198 1203 467 1261 posteritatis
491 1205 633 1262 magis
660 1205 857 1262 insignia.
922 1204 1044 1249 Nihil
1076 1217 1172 1250 tota
1195 1206 1382 1252 Graecia
1402 1212 1527 1255 nobi-

63 1267 154 1311 lius
167 1268 335 1314 duabus
349 1270 604 1313 ciuitatibus
617 1305 629 1325 ,
642 1270 832 1313 Athenis
848 1279 892 1312 et
904 1270 1262 1316 Lacedaemone:
1298 1275 1406 1317 nihil
1420 1277 1527 1321 item

63 1332 111 1376 in
129 1333 308 1377 historia
329 1332 543 1378 Graeciae
563 1335 775 1379 illustrius
796 1336 964 1379 duabus
987 1337 1210 1393 cladibus,
1234 1353 1346 1396 quae
1365 1341 1525 1384 ciuita-

62 1404 133 1441 tes
155 1399 255 1442 illas
278 1399 334 1442 fic
354 1401 645 1456 attriuerunt,
682 1411 729 1444 vt
760 1415 994 1458 numquam
1026 1403 1121 1459 post
1152 1404 1230 1446 illa
1261 1405 1526 1450 detrimenta

59 1464 290 1521 pristinum
315 1464 591 1521 splendorem
611 1467 927 1524 recuperarint.
987 1466 1111 1510 Prior
1130 1479 1330 1526 tempore
1350 1470 1435 1515 fuit
1453 1486 1526 1515 ca-

60 1529 238 1572 lamitas
251 1529 586 1574 Athenienfium
602 1565 614 1587 ,
639 1545 749 1587 quos
761 1529 987 1588 Lysander
1007 1534 1059 1574 ad
1073 1532 1427 1591 Aegospotamos
1450 1538 1523 1594 (in

62 1593 280 1638 Thracica
295 1594 566 1639 Chersoneso
586 1596 687 1639 vrbs
708 1595 794 1639 fuit
816 1609 870 1639 eo
891 1598 1073 1638 nomine
1096 1609 1140 1641 et
1161 1598 1352 1656 fluuius)
1376 1603 1522 1645 nauali

61 1661 235 1717 praelio
255 1660 450 1713 deuicit3
486 1661 711 1718 posterior
739 1660 1214 1718 Lacedaemoniorum,
1249 1679 1463 1725 quorum
1456 1669 1520 1711 .'ad

57 1723 271 1781 Leustra,
285 1725 498 1769 Boeotiae
518 1727 754 1783 oppidum,
765 1726 966 1770 Thebani
980 1729 1091 1770 duce
1102 1727 1407 1785 Epaminonda
1419 1747 1520 1774 cae-

60 1791 162 1833 dem
181 1792 409 1847 ingentem
427 1791 644 1835 fecerunt
704 1790 829 1835 Inter
848 1792 926 1834 has
951 1793 1059 1837 duas
1094 1794 1241 1837 clades
1273 1799 1418 1839 media
1448 1799 1519 1841 in-

57 1857 254 1900 tei-uenit
285 1857 560 1899 memorabili
583 1856 775 1916 συγκυρίᾳ
803 1857 1013 1899 Alliensis
1037 1857 1336 1902 Romanorum
1349 1876 1518 1919 ,quam

56 1921 203 1965 statim
234 1921 401 1964 Romae
431 1916 580 1972 ἅλωσις
613 1921 674 1964 est
707 1923 869 1965 secuta.
932 1923 1005 1965 Ad
1032 1924 1175 1980 Aegis
1205 1924 1371 1968 flumen
1403 1928 1518 1970 male

55 1994 307 2045 pugnatum
329 1986 391 2030 est
412 1986 463 2028 ab
473 1986 810 2029 Atheniensibus
830 2001 946 2032 anno
967 2001 1038 2031 ιν.
1075 1988 1358 2047 Olympiadis
1374 2007 1515 2037 xcxn.

57 2066 195 2110 quum
221 2050 328 2095 esset
347 2050 740 2098 Archon'Athenis
761 2051 958 2096 Alexias.
1020 2052 1219 2111 Tempus
1250 2064 1403 2113 captae
1422 2057 1513 2101 Ro-

55 2125 154 2159 mae
178 2128 350 2159 veteres
373 2131 479 2159 vere
502 2130 659 2159 omnes
690 2118 989 2160 accuratiores
1022 2126 1276 2177 temporum
1309 2120 1515 2165 auctores

55 2181 292 2225 conferunt
313 2183 359 2224 in
382 2196 542 2224 annum
560 2182 750 2239 primum
772 2182 1055 2239 Olympiadis
1070 2198 1251 2228 xcv111.
1274 2196 1320 2230 et
1331 2186 1517 2244 Pyrrio-

54 2247 147 2301 niS,
166 2247 258 2291 fine
281 2247 521 2305 Pyrgionis
545 2255 792 2304 praeturam
809 2250 924 2304 apud
935 2248 1244 2293 Athenienses.
1281 2251 1515 2308 Polybius,

54 2313 131 2370 qui
155 2326 293 2355 annos
323 2313 607 2368 vndeuiginti
634 2321 835 2355 numerat
863 2314 978 2356 inter
998 2314 1334 2358 Atheniensium
1356 2326 1399 2359 et
1421 2316 1514 2359 Ro-

53 2391 283 2421 manorum
305 2378 467 2433 clades,
478 2379 525 2420 in
538 2379 742 2434 proxime
758 2379 1008 2434 sequentem
1030 2393 1193 2422 annum
1205 2381 1365 2423 reiicit.
1403 2381 1514 2422 alio-

53 2441 162 2501 quin
183 2456 369 2486 numero
389 2457 606 2487 annorum
627 2457 734 2486 xlx.
748 2457 859 2486 vnus
879 2442 1079 2487 defuerit.
1139 2443 1293 2486 Strabo
1316 2445 1429 2487 libro
1443 2459 1512 2490 v1.

53 2506 108 2550 de
131 2507 271 2550 Roma
294 2516 420 2565 capta
442 2508 657 2565 loquens:
701 2509 867 2560 ἐγένετο
886 2510 928 2552 δὲ
949 2506 1067 2561 vilre,
1097 2506 1147 2558 ὥς
1170 2515 1270 2565 φησι
1295 2506 1514 2566 Πολῦβιος,

50 2572 134 2617 ἔτει
153 2568 495 2632 ἐννεακαιδεκάτῳ
509 2570 616 2626 μεταέ
636 2570 709 2630 τῆν
724 2579 766 2616 ἐν
778 2569 899 2624 Ataeo}
912 2576 1106 2625 ποταμοῖς
1127 2574 1374 2630 ναυμαχίαιν.
1411 2589 1512 2617 cum

51 2636 241 2695 Polybio
265 2648 310 2681 et
333 2637 547 2681 Strabone
577 2639 797 2680 consentit
825 2639 954 2680 etiam
980 2637 1205 2680 Diodorus
1227 2637 1402 2696 Siculus
1418 2675 1429 2694 ,
1464 2648 1511 2683 vt

51 2714 157 2744 mox
181 2703 388 2745 dicemus.
451 2704 523 2744 Ad
544 2702 780 2746 secundum
802 2702 1080 2759 Olympiadis
1092 2716 1268 2745 xcvnr.
1283 2705 1393 2745 adde
1405 2718 1510 2749 xv1.

52 2768 171 2822 quod
195 2768 339 2810 noster
368 2768 496 2825 ponit
517 2768 634 2810 inter
666 2769 809 2811 casum
831 2766 1021 2821 Romae,
1053 2779 1098 2810 et
1119 2767 1431 2823 Spartanorum
1454 2771 1510 2812 ad

50 2829 265 2883 Leuftra3
301 2840 499 2889 emerget
519 2847 660 2876 annus
686 2834 898 2877 secundus
923 2831 1205 2890 Olympiadis
1227 2847 1309 2875 cu.
1352 2833 1509 2876 Pausa-

50 2897 144 2939 nias
165 2898 212 2939 in
233 2899 491 2943 Arcadicis:
543 2895 591 2942 τό
621 2897 809 2954 meacm
844 2899 1004 2949 ἐγένετο
1034 2896 1362 2945 Λακεὸκιμονῖων
1391 2897 1437 2942 τὲ
1464 2906 1508 2944 ἐν

859 2963 970 3005 Bbb
1006 2976 1031 3002 2
1396 2961 1508 3008 Aei-
