1676 3158
282 97 373 145 :Q
445 98 637 126 W*

364 139 744 190 COMMENT.
784 139 862 187 IN
898 92 1280 187 POLYBIVM.
1473 149 1558 196 731

23 236 26 267 ἶ
99 258 271 313 «πάντα
289 258 347 310 τω
369 258 480 311 mo?
497 259 579 323 τῆν
597 261 809 322 οἰκεμένην
835 261 1062 306 restrinxit
1088 261 1143 304 ad
1170 259 1393 318 Africam,
1426 257 1569 306 Grae-

11 312 21 339 ν’
100 330 251 387 elain„
265 329 595 384 Macedoniam,
630 337 676 372 et
699 336 869 386 partem
886 327 1220 385 Hispaniarum:
1273 328 1392 385 quod
1423 327 1565 384 longe

101 395 192 440 abit
210 409 237 438 a
253 401 406 439 mente
423 394 627 453 Polybii,
648 393 761 437 ficut
789 393 1076 437 ostendimus,
1116 391 1168 435 In
1196 392 1564 450 praecedentibus

101 461 222 518 apud
238 459 430 504 eundem
452 459 671 504 Zofimum
689 458 835 502 verbis
853 459 1064 502 mendum
1090 457 1176 514 est,
1207 459 1328 516 qnod
1357 466 1428 502 tot
1460 471 1564 501 ern-

100 523 333 570 ditiffimos
355 526 476 569 viros
499 525 699 568 nondum
716 522 1042 582 deprehendisse
1054 523 1213 566 mirum
1230 523 1306 568 est.
1339 522 1564 582 Loquitur

99 603 159 634 ex
180 589 358 648 Polybii
381 591 595 634 sententia
617 590 669 632 de
692 589 848 647 primis
870 587 1029 648 populi
1046 587 1175 631 Rom.
1189 588 1412 642 auffibus3
1445 600 1563 648 quos

100 656 213 700 adeo
232 654 360 699 fuiffe
380 656 531 699 lentos
553 654 742 711 dicebat,
765 664 816 698 vt
838 654 966 698 annis
986 653 1208 697 sexcentis
1232 669 1257 696 a
1279 655 1464 699 conditu
1488 667 1562 696 vr-

98 721 194 776 bis,
224 720 416 779 aliquam
440 722 674 765 dumtaxat
693 719 851 763 Italiae
873 727 1043 778 partem
1070 718 1119 762 in
1118 719 1270 773 Juam
1297 720 1562 778 potestatem

98 785 392 843 redegifl'ent:
428 800 513 844 qua
534 794 681 829 tamen
703 785 798 842 ipsa
815 785 930 844 pulfi
959 793 1007 830 et
1036 782 1199 828 deiesti
1230 785 1282 828 ab
1311 784 1561 828 Hannibale

97 851 197 919 post
214 852 331 895 diem
341 850 612 896 Cannensem
629 849 808 896 fuerint.
841 849 915 894 Sic
935 850 1037 894 ille:
1070 849 1133 894 Οἱ
1149 848 1335 908 Ῥωμαῖοι
1360 847 1469 906 moi
1487 866 1563 896 τον

95 914 170 976 τῆς
192 913 350 969 πόλεως
367 911 568 974 οἰκισμον,
587 915 848 969 ἑξακοσιηοις
818 933 926 961 ετεσι
945 919 1029 967 τοῖς
1046 916 1254 976 περιοίκοις
1272 911 1563 976 προσπολεμῆ-

97 999 272 1040 σαντες,
290 977 490 1042 μεγάλην
497 979 636 1042 οἷρχῆν
658 982 708 1028 ἐκ
736 975 974 1041 ἐκτήσαντο.
1009 981 1131 1041 μέρος
1162 982 1207 1027 δέ
1222 998 1262 1026 τι
1288 979 1363 1041 τῆς
1382 981 1567 1032 Ἰταλίας
1628 1006 1632 1012 ·

96 1049 174 1101 ὑφ’
183 1043 308 1100 αὖτὲς
325 1043 607 1132 τοιησοῖμενοι,
623 1049 695 1106 τφιᾷ
714 1046 820 1092 τότε
839 1044 948 1102 μετοὶ
972 1043 1047 1106 τήν
1063 1047 1235 1107 Ἀννίβα
1255 1042 1467 1105 διάβασιν,
1485 1047 1564 1104 1(ςᾷ
1613 1102 1615 1104 ¹

96 1109 174 1171 τῆν
194 1117 240 1159 ἐν
251 1106 462 1164 Κοῖννοις
436 1130 566 1172 ηττοιν
584 1110 912 1164 ἐκπεπτωκότες.
947 1111 1001 1155 In
1022 1125 1206 1156 numero
1234 1126 1449 1156 annorum
1470 1112 1562 1155 lar-

96 1193 156 1236 ge
175 1187 410 1237 peccatum
430 1178 503 1222 est.
538 1179 645 1235 quid
663 1177 881 1236 scripserit
891 1177 1089 1221 Zosimus
1103 1179 1225 1236 ,ipse
1246 1178 1420 1222 viderit.
1455 1177 1561 1234 Ego

95 1244 191 1288 fcio
212 1259 268 1288 ex
286 1243 464 1303 Polybii
494 1253 644 1289 mente
676 1244 974 1288 numerandos
1006 1241 1090 1286 esse
1119 1257 1261 1288 annos
1294 1258 1320 1287 a
1349 1242 1562 1287 Palilibus

96 1308 267 1357 Romae
289 1309 344 1352 ad
364 1310 536 1353 cladem
554 1308 827 1354 Cannensem
846 1310 1116 1367 quingentos
1150 1309 1335 1366 triginta
1355 1317 1559 1365 quatuor.

96 1373 214 1419 Nam
231 1374 411 1432 Polybii
426 1375 646 1427 sententia
664 1375 752 1419 fuit
772 1375 998 1420 conditam
1011 1367 1206 1418 ‘Romam
1227 1382 1421 1418 exeunte
1441 1387 1559 1416 anno

92 1441 242 1498 primo
254 1439 788 1498 Olympiadis⁴septimaae
823 1442 978 1500 paullo
999 1440 1126 1484 aliter
1147 1454 1276 1498 quam
1294 1439 1466 1495 Varr0,
1485 1438 1562 1495 qui

92 1504 251 1548 Palilia
279 1505 539 1549 coniicitin
578 1521 739 1550 annum
767 1508 953 1551 tertium
982 1506 1275 1565 Olympiadis'
1296 1505 1469 1556 sextae3
1511 1510 1562 1547 et

94 1569 205 1614 Cato
220 1605 232 1627 ,
246 1571 333 1628 -qui
352 1572 401 1615 in'
422 1586 586 1616 annum
600 1581 806 1630 quartum
826 1573 1028 1617 eiusdem
1038 1571 1336 1629 Olympiadis,
1372 1569 1457 1614 Sed
1467 1582 1562 1612 non

94 1635 250 1680 dubito
270 1636 479 1694 scripfiffe
501 1637 723 1682 Zofimum
742 1638 1040 1687 τεντακοσιόιςε
1085 1646 1131 1682 et
1153 1638 1206 1680 de
1225 1635 1483 1694 quingentis
1502 1633 1561 1676 il-

92 1701 153 1744 lis
185 1702 313 1745 annis
338 1702 528 1759 senfiffe,
550 1718 742 1762 quorum
760 1704 915 1761 paullo
933 1698 1036 1746 ante
1059 1718 1084 1745 e
1111 1702 1249 1746 Floro
1283 1710 1329 1745 et
1347 1701 1559 1758 Appiano

92 1767 372 1812 mentionem
394 1769 686 1814 faciebamus·
719 1770 856 1826 Apud
880 1768 1060 1812 Suidam
1082 1769 1128 1812 in
1148 1783 1262 1812 voce
1279 1762 1410 1824 Ῥώμη
1434 1770 1562 1810 extat

91 1831 224 1876 locus
252 1832 417 1877 veteris
437 1834 666 1892 scriptoris
682 1870 693 1890 ‚
714 1836 789 1892 qui
811 1849 836 1876 a
856 1834 1040 1878 conditu
1049 1833 1217 1876 Romae
1233 1833 1286 1875 ad
1304 1833 1445 1890 prima
1461 1830 1560 1873 bel-

90 1896 137 1939 la
154 1900 447 1943 transmarina
466 1900 751 1944 interuallum
769 1899 921 1944 statuit
941 1913 1157 1944 annorum
1174 1911 1460 1942 cccnxxvu.
1484 1894 1559 1941 sed

94 1963 212 2007 deest
244 1978 357 2008 vnus
392 1967 683 2018 centenarius
733 1979 867 2023 quare
900 1965 1176 2009 scribendum
1204 1964 1320 2021 apud
1350 1961 1559 2007 Suidam:

90 2025 176 2072 οἷτδ
198 2026 251 2073 r}
267 2025 409 2088 πρῶτε
434 2028 669 2084 συνοικισμῖ
691 2030 978 2085 διαγεγονότων
990 2024 1559 2090 ἑπτοῖκριὶὲβδομῆκοντοικᾳξ

89 2096 366 2154 τετρακοσίων
386 2094 487 2141 ἐτῶν
507 2094 715 2157 ἀπείρατοι
732 2091 835 2157 ἦσαν
854 2096 1072 2156 ὑπερορίων
1089 2095 1295 2151 πολέμων.

302 2195 379 2242 111.
410 2194 583 2264 Populi
601 2195 799 2248 Romani
816 2197 1018 2265 potentia
1039 2203 1080 2246 et
1099 2196 1348 2265 imperium.
1354 2194 1362 2199 ’

182 2286 217 2332 Ῑ
234 2301 274 2334 2..
305 2289 398 2340 ’.Ως
428 2290 461 2334 δ’
478 2289 538 2336 ἕςι
570 2288 798 2348 παράδοξον
827 2292 901 2350 amq*
933 2291 1042 2345 μέγα
1067 2287 1114 2335 ro*
1134 2290 1228 2350 περ)
1254 2285 1332 2347 τήν
1355 2285 1560 2346 ἡμετέραν

88 2371 179 2397 οπο
158 2347 291 2398 ’θεων
319 2350 560 2414 θεωρηιια.)
603 2355 881 2413 Dignitatem
907 2356 1110 2398 historiae
1149 2356 1251 2398 suae
1288 2352 1500 2396 conciliat
1531 2365 1559 2393 a

87 2417 321 2462 nobilitate
344 2419 540 2463 subieffi.
586 2421 699 2479 Poly
703 2421 859 2464 bianae
873 2421 1079 2466 historiae
1111 2418 1353 2463 subiefilmm
1381 2417 1558 2462 ratione
1618 2433 1624 2437 ·

89 2484 278 2539 quadam
298 2485 358 2528 est
386 2486 503 2529 orbis
525 2494 740 2530 terrarum
765 2487 995 2531 vniuersus
1019 2494 1127 2530 tunc
1152 2485 1388 2541 cognitus:
1433 2481 1556 2527 nulla

90 2548 211 2590 enim
231 2548 326 2592 fere
347 2565 448 2607 pars
474 2551 559 2608 est,
584 2552 638 2595 de
661 2554 787 2596 culus
811 2552 923 2595 statu
945 2566 1039 2595 non
1060 2549 1241 2608 egifl'et:
1291 2559 1445 2591 verum
1467 2562 1556 2604 po-

87 2611 294 2657 tiffimum
313 2614 580 2672 subiectum,
607 2626 651 2660 et
672 2626 719 2660 vt
736 2617 979 2674 loquuntur
996 2617 1041 2659 in
1054 2614 1235 2670 scholis,
1262 2614 1555 2670 adaequatum.

89 2676 151 2720 est
170 2681 367 2736 populus
383 2681 572 2725 Rom.vt
597 2690 725 2726 antea
748 2682 952 2725 diximus,
986 2680 1146 2738 Populi
1170 2681 1310 2736 igitur
1329 2678 1456 2721 Rom.
1471 2693 1556 2735 po-

87 2744 276 2787 tentiam
298 2746 454 2802 probat
475 2749 809 2804 comparatione
829 2746 1115 2803 imperiorum
1130 2780 1143 2800 ,
1157 2760 1269 2802 quae
1292 2744 1429 2801 vulgo
1459 2759 1554 2788 ma..

89 2808 210 2850 xima
227 2811 479 2855 censentur.
516 2811 641 2854 Hanc
666 2827 844 2870 quoque
864 2822 1055 2868 partem,
1079 2823 1127 2855 vt
1161 2811 1247 2853 alia
1275 2809 1406 2853 huius
1430 2825 1554 2868 prae-

88 2871 325 2919 stantiffimi
348 2875 542 2923 auetoris
555 2912 568 2935 ,
588 2879 764 2922 videtur
782 2878 867 2923 effe
887 2878 1083 2925 imitatus
1097 2877 1339 2938 Dionyfius
1349 2875 1554 2919 Halicar-

1357 2945 1554 2999 nass'eus3
