1676 3158
361 643 680 699 ISAACI
739 642 1279 698 CASAVBONI

87 850 666 928 POLYBII
758 850 1554 926 HISTORIAS

392 1463 710 1521 quadraginta,
753 1462 800 1504 in
836 1463 944 1505 duas
969 1472 1115 1519 partes
1144 1465 1402 1522 praecipuas
1423 1464 1547 1507 suifl'e

94 1432 111 1464 ff
143 1325 290 1508 a

129 1502 132 1508 Ι
187 1520 250 1547 ‘⁴'
301 1505 305 1509 ι
390 1528 602 1572 diuisum:
637 1525 984 1587 Προκατασκευήν
999 1563 1011 1582 ,
1033 1527 1121 1571 slue
1135 1540 1390 1585 apparatum
1410 1532 1462 1572 ad
1477 1531 1548 1572 hi-

82 1595 263 1640 storiam
282 1594 492 1652 primario
515 1601 645 1649 atque
666 1607 721 1635 ex
745 1592 936 1650 professo
958 1592 1196 1650 susceptam
1210 1629 1220 1649 ,
1244 1603 1290 1638 et
1321 1595 1548 1651 ipsamhi-

81 1660 273 1709 storiam.
306 1659 505 1716 Vtraque
526 1659 633 1702 item
652 1673 752 1716 pars
774 1658 992 1715 bipertita.
1038 1659 1256 1702 Historiae
1276 1661 1416 1716 enim,
1437 1661 1548 1708 ficut

82 1725 144 1769 ibi
167 1726 456 1784 probauimus
472 1759 484 1780 ,
506 1725 644 1767 altera
665 1737 762 1780 pars
785 1723 894 1779 fuit,
930 1738 1059 1780 quam
1081 1723 1237 1767 auetor
1258 1727 1453 1783 appellat
1474 1726 1548 1787 τῆς

81 1792 284 1850 ’προτέρας
304 1790 542 1848 προθέσεως
561 1789 651 1832 fiue
675 1786 872 1845 ἐπιβολῆς
886 1823 898 1843 ,
922 1790 977 1831 de
998 1804 1085 1846 qua
1106 1790 1196 1832 sola
1214 1791 1345 1833 initio
1369 1793 1548 1848 cogita..

82 1864 233 1900 verat:
269 1855 408 1899 altera
428 1854 647 1911 posterius
674 1854 741 1896 illi
775 1853 970 1910 adiesta,
984 1868 1111 1911 quam
1126 1856 1321 1912 appelles
1343 1857 1452 1900 licet
1474 1856 1548 1917 τῆς

79 1922 273 1980 δευτέρας
292 1918 498 1978 ἐπιβολῆς.
534 1919 682 1961 Etiam
704 1921 981 1975 praeparatio
1001 1918 1196 1963 bifariam
1222 1922 1373 1966 diuisa.
1404 1922 1545 1967 Initio

78 1986 304 2044 principia
325 1998 478 2028 eorum
493 2018 504 2040 ,
531 1998 642 2041 quae
664 1985 763 2027 sunt
786 1985 833 2027 in
857 1992 1065 2041 apparatu
1087 1988 1298 2029 narranda
1317 1987 1449 2030 altius
1469 2003 1544 2032 re-

78 2059 320 2109 petuntur,
341 2059 387 2093 et
403 2049 609 2094 historiae
639 2050 867 2093 vniuersae
896 2050 1022 2092 simul
1052 2049 1337 2095 fundamenta
1368 2053 1544 2097 iaciun-

77 2122 175 2168 tur3
198 2130 251 2159 ea
270 2116 332 2159 est
351 2112 423 2173 τ’ἧς
435 2112 781 2174 Προκατασκευῆς
792 2129 890 2171 pars
903 2115 1039 2171 prior.
1074 2114 1280 2174 Sequitur
1293 2118 1442 2173 altera,
1457 2133 1544 2176 qua

78 2180 266 2225 strffiiitn
284 2195 356 2224 res
381 2181 529 2238 gestae
561 2190 842 2236 exponuntur
866 2194 890 2222 a
910 2181 1052 2237 prima
1082 2181 1382 2225 Romanorum
1416 2193 1542 2227 extra

76 2243 252 2290 Italiam
277 2244 538 2290 traieffione
562 2259 664 2288 cum
679 2245 877 2288 exercitu
898 2247 951 2288 ad
972 2245 1075 2288 belli
1088 2246 1242 2290 Punici
1267 2247 1442 2290 secundi
1462 2263 1542 2292 ex-

80 2312 270 2355 ordium.
304 2311 434 2355 Duos
453 2311 591 2353 libros
616 2312 816 2366 integros
841 2312 1113 2368 praeparatio
1138 2313 1379 2371 Polybiana
1402 2327 1541 2356 occu-

77 2386 168 2433 pat.
202 2377 394 2431 Primus,
411 2377 485 2434 qui
511 2375 570 2418 est
592 2377 939 2433 praeparationis
960 2379 1106 2433 prior,
1120 2378 1165 2420 in
1186 2390 1375 2435 quatuor
1390 2382 1543 2436 ὁλοχε-

75 2440 157 2500 ρὲῐς
182 2451 329 2499 partes
353 2441 586 2487 tribuitur:
619 2442 898 2497 prooemium
922 2441 1139 2486 auum-is:
1187 2443 1538 2501 praeparationis

74 2508 357 2566 προθεωριίκντ
391 2507 496 2549 belli
518 2507 669 2549 Punici
691 2507 820 2562 primi
836 2507 1177 2564 expositionem:
1211 2518 1258 2551 et
1278 2509 1380 2550 belli
1399 2508 1539 2566 Liby-

74 2571 119 2614 ci
134 2606 146 2628 ,
166 2571 256 2615 fiue
283 2571 708 2628 Carthaginiensium
730 2572 1088 2628 explicationem.

188 2637 571 2683 ΠΟΛΥΒΙΟΤ
638 2637 1276 2683 ΜΕΓΑΛΟΠΟΛΙΤΟΥ
1341 2639 1540 2684 ΙΣΤΟ-

73 2702 257 2747 ΡΙΩΝ
289 2703 587 2759 ΠΡΩΤΗ)
623 2701 940 2759 Inscriptiones
968 2701 1241 2758 fingulorum
1272 2702 1451 2760 Polybii
1480 2704 1539 2746 li-

73 2767 254 2811 brorum
275 2769 395 2810 varie
422 2776 661 2824 conceptas
681 2767 727 2810 in
748 2768 941 2824 antiquis
965 2768 1227 2810 membranis
1253 2767 1534 2813 offendimus.

74 2829 245 2889 Regius
267 2833 379 2877 l-iber
400 2842 445 2877 et
478 2832 733 2879 sereniffimi
754 2833 971 2891 principis
1001 2834 1216 2876 Boiorum
1243 2834 1369 2877 ducis
1399 2844 1536 2942 atqtiig

1459 2914 1482 2942 a

436 1210 736 1283 Hypotlusss‚
756 1210 980 1272 Partitio,
1014 1210 1203 1265 Dtulus.

395 1333 599 1376 eudimus
623 1333 670 1374 in
690 1329 771 1388 iis'‚
796 1345 906 1389 quae
929 1332 983 1373 de
997 1332 1194 1375 vniuersa
1216 1332 1394 1392 polybii
1413 1331 1550 1378 histo-

386 1399 451 1441 ria
472 1396 748 1440 differuimus
762 1432 774 1451 ,
796 1405 942 1440 totum
964 1398 1050 1440 hoc
1064 1413 1199 1454 opus,
1215 1398 1423 1442 librorum
1435 1400 1550 1442 olim
